1950 3016
124 197 171 249 158
358 199 686 246 nlsuoumaura
729 192 732 197 ’
787 197 922 265 (mmm.

120 303 155 357 cti
170 302 277 375 erigunt
290 301 374 356 aciem
388 320 437 373 per
451 302 594 356 adversum
608 301 712 365 collem,
724 317 814 373 usque
823 301 858 357 ad
866 305 924 375 pri-

120 395 179 431 mas
189 376 350 448 Capitolinae
360 380 429 432 arcis
439 376 516 432 iores.
553 377 636 431 lirant
644 377 795 448 antiquitus
803 381 923 449 porticus

119 453 148 506 in
159 452 239 506 latere
248 452 322 518 clivi,
333 452 440 507 dextrae
449 453 643 507 subeuntibus:
655 453 684 506 in
693 466 813 523 quamm
822 461 922 509 tectum

119 529 220 600 egressi
230 529 303 582 saxis
312 528 465 601 tegulisque
473 527 628 584 Vitellianos
637 527 795 583 obruebant.
827 529 923 601 Neque

118 602 173 656 illis
183 620 290 668 manus,
302 604 355 657 nisi
364 603 471 675 gladiis,
482 612 611 656 armatae:
626 611 653 656 et
661 619 794 657 arcessere
804 611 922 659 tormen-

118 685 144 732 ta
159 687 204 733 aut
218 677 332 733 missilia
345 679 406 742 tela,
421 678 531 750 longum
542 677 689 733 videbatur.
729 679 811 732 Faces
820 679 849 733 in
858 696 921 750 pro·

118 755 264 808 minentem
276 755 407 824 porticum
416 755 508 807 iecere.
520 753 921 825 Etsequebanturignem3am·

118 826 921 901 bustasqueCapitoliilorespenetrassent‚niSabiuusrevul·

118 920 162 957 sas
176 903 297 974 undique
311 911 421 967 statuas,
444 905 537 958 decora
552 904 695 967 maiorum,
716 904 745 957 in
760 904 820 974 ipso
832 903 918 970 adim,

63 1024 70 1036 .
117 979 176 1033 vice
191 978 273 1042 muri,
288 977 438 1032 obiecisset.
478 977 679 1032 Tumdiversos
694 977 816 1049 Capitolii
829 978 919 1034 aditus

116 1051 257 1115 invadunt,
269 1052 343 1105 iuxta
352 1051 445 1106 lucum
456 1052 536 1126 asyli·
544 1061 570 1107 et
578 1070 632 1124 qua
643 1053 753 1124 Tarpeia
764 1070 846 1125 rupes
855 1070 920 1108 cen-

117 1133 174 1181 tum
183 1126 312 1200 gradibus
322 1126 419 1181 aditur.
458 1128 596 1199 Inprorisa
609 1128 788 1200 utraquevis3
809 1130 919 1200 propior

116 1209 197 1273 atque
214 1203 299 1256 acrior
317 1219 364 1273 per
378 1201 484 1276 asylum
504 1203 654 1276 ingruebat.
694 1204 749 1257 Nec
765 1204 826 1257 sisti
843 1212 917 1275 pote-

115 1284 175 1331 rant
194 1277 349 1332 scandentes
369 1294 416 1350 per
436 1280 575 1333 coniuncta
593 1277 725 1332 aedificia:
747 1295 826 1348 quae,
844 1280 917 1335 utin

115 1352 199 1407 multa
209 1369 283 1424 pace,
294 1352 417 1408 inultum
427 1354 506 1418 edita,
522 1353 609 1407 solum
622 1351 744 1423 Capitolii
755 1353 916 1425 aequabant.

115 1428 164 1482 llic
174 1429 328 1502 ambigitur,
335 1430 425 1502 ignem
437 1429 512 1482 tectis
521 1436 716 1501 oppugnatores
726 1429 875 1494 iniecerint,
882 1447 917 1485 su

113 1504 303 1575 obsessi,quae
311 1505 426 1559 crebrior
437 1502 506 1557 lama
515 1513 563 1568 est,
571 1520 625 1575 quo
634 1505 747 1558 nitentes
754 1520 785 1557 ac
791 1520 916 1577 progres-

114 1596 158 1634 sos
168 1578 337 1649 depellerent.
378 1578 441 1633 Inde
456 1577 548 1648 lapsus
560 1579 632 1650 ignis
641 1579 670 1632 iu
680 1579 799 1649 porticus
808 1578 916 1650 adposi-

113 1661 154 1708 tas
165 1653 290 1708 aedibus:
312 1670 375 1707 mox
389 1653 550 1707 sustinentes
564 1652 699 1726 fastigium
710 1653 817 1723 aquilae
827 1662 916 1710 vetere

113 1728 186 1801 ligno
196 1735 334 1781 traxerunt
341 1725 475 1780 flammam
486 1727 673 1799 alueruntque.
688 1727 731 1783 Sic
741 1727 913 1799 Capitolium,

112 1802 212 1857 clausis
223 1800 334 1865 foribus,
344 1801 512 1857 indefensum
523 1812 548 1857 et
556 1803 720 1873 indireptum
730 1802 913 1877 conflagravit.

167 1879 210 1931 72.
232 1876 261 1929 ld
280 1875 384 1930 lacinus
403 1886 463 1948 post
481 1878 613 1932 conditam
632 1878 727 1932 urbem
746 1878 915 1935 luctuosissi-

112 1968 189 2005 mum
201 1949 440 2023 foedissimumque
448 1952 611 2023 reipublicae
619 1952 912 2024 populiliommocidit:

112 2026 186 2082 nullo
197 2034 303 2081 externo
313 2026 397 2092 hoste,
408 2028 540 2098 propitiis,
548 2028 571 2081 si
581 2044 629 2098 per
639 2045 725 2082 mores
736 2037 840 2084 nostros
851 2030 915 2085 lice-

111 2110 160 2167 ret,
172 2101 239 2166 deis,
252 2102 341 2155 sedem
353 2104 422 2157 lovis
435 2102 467 2156 0.
479 2104 515 2157 M.
530 2104 666 2173 auspicato
677 2121 691 2157 a
701 2105 860 2169 maioribus,
871 2108 914 2176 pi·

111 2195 182 2250 gnus
193 2178 308 2246 imperii,
316 2178 547 2248 conditam‚quam
557 2195 609 2231 non
615 2178 729 2233 Porsena
739 2178 827 2234 dedita
834 2180 912 2246 urbe,

111 2269 199 2324 neque
213 2251 284 2306 Galli
298 2262 382 2323 capta,
398 2260 525 2306 temerare
538 2254 697 2324 potuissent,
713 2252 802 2308 lurore
812 2256 914 2324 princi-

110 2344 177 2398 pum
192 2326 326 2381 exscindil
355 2327 462 2381 Arserat
472 2335 497 2381 et
506 2334 566 2381 ante
575 2327 736 2398 Capitolium
745 2328 820 2384 civili
830 2330 911 2396 bello,

111 2402 158 2456 sed
173 2401 265 2456 fraude
278 2404 394 2471 privata3
416 2419 489 2456 nunc
502 2401 590 2472 palam
605 2403 756 2468 obsessum,
768 2403 858 2474 palam
870 2407 914 2459 in·

110 2494 236 2531 censum:
257 2477 359 2547 quibus
373 2494 508 2531 armorum
522 2477 645 2531 caussis?
663 2495 718 2549 quo
732 2487 819 2532 tantae
828 2479 912 2534 cladis

98 2554 192 2620 pretio
205 2550 298 2606 stetit?
316 2553 365 2608 Pro
378 2554 463 2625 patria
476 2551 655 2606 bellavimus?
673 2553 786 2607 Voverat
798 2555 912 2626 Tarqui-

87 2625 159 2678 nius
167 2627 284 2682 Priscus
296 2647 354 2698 rex,
368 2629 442 2687 bello
452 2628 567 2692 Sabino,
574 2626 923 2698 iecersuqustunamsm„

70 2708 130 2763 ‘'l’e
138 2705 236 2777 mgis
245 2704 365 2767 futurae
375 2705 590 2789 magnitudinis
594 2714 755 2778 ,quamquo
760 2696 941 2750 modumsuae
