1950 3016
217 222 267 268 DE
287 220 499 268 GERMANIA.
519 222 598 269 GAP.
618 222 658 271 1⁸.
682 224 725 272 14.
821 221 871 275 253

69 322 138 379 llaec
148 322 223 394 apud
232 322 293 378 illos
303 330 372 396 toga,
388 322 681 395 hicprimusiuventee
692 325 791 383 bonos:
811 337 872 384 ante

69 398 119 455 boo
133 398 232 453 domm
246 415 309 470 pars
319 397 454 464 videntur,
471 415 533 453 mox
543 398 715 470 reipublicae.
754 403 872 476 Insignis

68 473 204 537 nobilitas,
219 482 266 527 aut
274 490 370 546 magna
381 481 487 544 patrum
498 473 601 538 merita,
616 475 747 546 principie
757 476 872 550 dignati-

66 564 147 605 onem
160 548 242 602 etiam
256 547 460 603 adolescentulis
474 548 631 621 adsignant:
651 551 730 605 ceteri
741 551 873 607 robustio-

66 623 250 679 ribusaciam
260 622 365 695 pridem
375 622 493 695 probatis
503 622 690 697 adgregantur.
714 625 771 680 Nec
780 626 871 692 rubor,

65 700 137 755 inter
147 699 258 753 comites
267 696 379 768 adspici.
404 697 510 753 Gradus
520 698 587 770 quin
598 700 677 754 etiem
688 707 713 754 et
721 701 781 772 ipse
790 701 874 756 comi-

66 782 138 829 tatus
154 772 244 837 habet,
259 773 359 827 iudicio
371 774 440 838 eius,
455 788 538 844 quem
551 780 699 830 sectantur:
720 792 873 849 magnaque

66 854 92 905 et
100 849 233 904 comitum
243 847 394 912 aemulatio,
411 847 512 920 quibus
525 848 631 919 primus
640 849 711 920 apud
721 852 872 922 principem

65 938 151 981 suum
172 922 260 979 locus:
282 931 308 977 et
326 923 491 995 principum,
511 924 555 977 cui
579 922 692 994 plurimi
706 933 732 980 et
749 927 872 981 acerrimi

64 1000 189 1057 comites.
215 998 284 1052 llaec
293 997 419 1072 dignitas,
432 997 482 1051 hee
492 999 576 1066 virea;
592 1014 691 1073 magno
702 1016 808 1073 semper
818 1001 872 1056 ele-

64 1082 172 1131 ctorum
186 1074 317 1128 iuvenum
329 1072 409 1146 globo
422 1072 592 1138 cirmmdari,
612 1074 641 1128 iu
655 1090 719 1146 paee
728 1076 820 1143 dactus,
841 1078 870 1133 in

64 1148 138 1205 bello
146 1148 322 1220 praesidium.
356 1148 411 1202 Nec
419 1146 545 1202 eolumiu
558 1158 695 1222 magenta
703 1151 871 1224 cuique‚se‹l

64 1224 141 1297 apud
151 1223 280 1277 finitimas
288 1238 398 1294 qrroque
408 1223 527 1277 civitates
537 1222 565 1276 id
575 1225 811 1298 nomen,esgloria
820 1233 869 1292 est,

64 1302 90 1356 si
106 1315 222 1354 numero
235 1314 266 1352 ac
275 1299 373 1353 virtute
386 1298 527 1352 comitatus
540 1297 663 1351 emineat.
693 1298 873 1371 ¹Expetuntur

65 1376 142 1433 enim
154 1373 341 1448 legationibus,
358 1381 384 1428 et
393 1372 554 1427 muneribus
563 1380 701 1437 ornantur,
713 1374 805 1445 etipsa
815 1374 873 1445 ple-

66 1467 186 1523 rumque
195 1448 265 1504 lama
275 1448 343 1503 bella
353 1446 504 1521 profligant.

123 1528 166 1581 ll.
187 1524 257 1581 Cum
268 1532 379 1580 vantram
389 1524 418 1578 in
429 1523 524 1587 aciem,
545 1529 623 1592 turpe
633 1521 759 1593 principi,
775 1523 874 1578 virtute

65 1602 152 1666 vinci,
164 1607 243 1672 turpe
251 1599 397 1664 comitatui,
404 1599 531 1655 virtutem
541 1596 672 1669 principis
681 1614 733 1652 non
741 1597 874 1671 adaequa-

65 1692 105 1733 re.
147 1676 204 1730 lam
218 1692 280 1730 vero
295 1674 394 1730 infame
408 1675 437 1729 in
451 1689 559 1728 omnem
569 1673 652 1727 vitam
663 1690 694 1727 ac
701 1673 871 1745 probrosum,

66 1750 241 1825 superstitem
250 1751 366 1822 principi
377 1765 427 1804 suo
437 1766 470 1803 ex
480 1749 536 1803 acie
546 1749 698 1802 recessisse.
736 1748 816 1804 Illum
826 1750 873 1804 de

66 1826 187 1891 laudere,
202 1826 281 1890 tueri,
298 1840 347 1879 sua
362 1840 471 1896 quoque
480 1822 555 1878 fortia
570 1822 635 1877 iacta
647 1823 747 1898 gloriae
757 1827 816 1880 eius
825 1825 873 1881 ad-

67 1902 186 1974 signare,
198 1900 373 1972 praecipuum
384 1907 580 1954 sacramentum
591 1907 639 1953 est.
678 1900 815 1973 Principes
824 1919 872 1972 pro

66 1975 179 2031 victoria
189 1980 324 2046 pugnant;
346 1975 455 2029 comites
464 1991 513 2046 pro
523 1974 654 2045 principe.
689 1974 717 2029 Si
727 1978 831 2040 civitas,
843 1977 872 2029 in

66 2066 124 2123 qua
134 2049 184 2103 orti
194 2058 267 2114 sunt,
282 2047 360 2122 longa
371 2064 435 2120 pace
445 2056 471 2103 et
480 2050 533 2104 otio
542 2056 650 2121 torpeat,
663 2049 785 2121 plerique
795 2050 872 2103 nobi-

67 2125 139 2181 lium
158 2122 366 2178 adolesoentium
385 2131 479 2194 petunt
498 2123 567 2179 ultro
586 2141 631 2178 eas
651 2126 780 2189 nationes,
802 2140 873 2195 quae

67 2206 127 2257 tum
136 2198 239 2254 bellum
249 2198 359 2271 aliquod
368 2207 473 2271 gerunt,
480 2199 545 2271 quie
556 2207 581 2253 et
590 2201 693 2271 ingrata
701 2199 773 2271 genti
783 2199 871 2270 quies,

67 2274 210 2331 etfacilius
220 2272 288 2329 inter
297 2274 423 2344 ancipitia
432 2273 589 2338 clarescunt,
597 2289 782 2346 magnumque
790 2273 874 2327 eomi-

68 2360 154 2407 tatum
164 2351 272 2405 nonnisi
283 2350 310 2404 vi
321 2349 444 2421 belloque
453 2357 553 2404 tueare.
583 2348 705 2421 Exigunt
715 2349 787 2401 enim
797 2348 874 2419 prio-

68 2426 139 2498 cipis
157 2426 202 2480 sui
220 2423 375 2479 liberalitate
393 2424 472 2479 illum
492 2423 644 2478 bellatorem
664 2438 776 2494 equum,
798 2422 872 2477 illam

68 2508 209 2557 cruentam
233 2500 424 2573 victricemque
445 2498 584 2553 frameam.
624 2498 693 2551 Nam
719 2496 813 2568 epulae
836 2505 871 2561 et,

88 2574 461 2651 namquamincompti,lergi
472 2571 892 2646 tamenadparatusqrestxqen-

61 2592 106 2701 :lio
114 2650 219 2701 cedunt.
260 2650 374 2708 Materia
388 2647 920 2727 munificentiaepermissumque*-

61 2718 106 2768 νεα
112 2734 189 2772 arare
199 2729 297 2781 arram
310 2738 364 2786 aut
372 2740 548 2808 exspectare
558 2716 945 2801 annumdemlffiiw'
