1950 3016
134 169 183 221 tat
372 172 692 219 uraronrauuu
793 161 928 236 (enam
974 186 975 270 q

133 274 209 328 nium
219 289 335 346 egressa,
348 271 492 328 fortissimo
501 288 610 345 quoque
619 272 737 327 militum
747 271 876 343 complet:
889 272 928 329 illl

132 347 253 402 trabibus
264 346 415 420 tegulisque
423 355 448 401 et
456 347 558 402 facibus
565 346 926 419 propugnatoresdeturbant.

188 425 229 476 3⁴.
252 423 307 476 lam
321 421 438 495 legiones
453 422 481 475 in
496 421 656 475 testudinem
669 421 894 494 glomerabantur,
905 429 929 475 et

132 496 178 551 alii
193 496 242 550 tela
257 513 375 568 saxaque
389 496 561 560 incutiebant,
573 513 635 549 cum
646 495 818 568 languescere
828 495 929 567 paulla-

133 572 181 625 tim
192 571 394 627 Vitellianorum
403 570 496 623 animi.
532 570 567 624 Ut
576 572 639 641 quis
648 571 740 625 ordine
750 571 928 635 anteibatce-
974 571 975 620 l

133 646 194 700 dere
206 644 338 701 fortunae:
355 661 397 708 ne,
409 643 539 699 Cremona
548 660 657 716 quoque
665 646 764 708 excisa,
776 644 852 699 nulla
863 644 927 699 ultra

133 722 219 784 venia,
236 720 378 790 omnisque
392 719 432 772 irs
442 719 549 772 victoris
563 736 615 773 non
631 720 659 773 in
669 719 768 791 vulgus
780 720 870 790 inops,
883 718 928 773 sed
974 749 975 766 r

131 796 160 849 in
180 794 301 849 tribunos
319 793 549 864 centurionesque,
571 793 617 847 ubi
631 793 748 864 pretium
762 793 852 848 caedis
864 800 925 857 erat,

132 876 315 921 reverteretur.
354 867 498 939 Gregorius
514 867 601 931 miles,
616 865 701 921 intrari
714 884 805 922 socors
819 876 846 922 et
854 869 927 941 igno-

132 941 232 996 bilitate
251 943 340 1006 tutior,
361 941 501 1011 perstabat.
542 942 608 1015 vagi
623 943 748 1011 pervias,
763 943 792 996 in
804 941 927 997 domibus
964 921 966 982 l

132 1014 224 1079 abditi,
236 1030 328 1086 pacem
339 1032 373 1069 ne
381 1022 439 1070 tum
449 1015 559 1088 quidem
569 1015 687 1080 orabant,
697 1033 759 1069 cum
769 1016 871 1071 bellum
882 1033 927 1088 po-

131 1089 258 1143 suissent.
296 1089 428 1145 Primores
439 1097 584 1145 castrorum
598 1107 694 1145 nomen
708 1098 788 1162 atque
797 1091 926 1165 imagines

131 1162 230 1218 Vitellii
241 1163 411 1220 amoliuntur.
443 1164 553 1221 Catenas
562 1165 689 1220 Caecinae
698 1163 770 1236 (uam
780 1168 861 1220 etiam
872 1172 926 1221 tum

132 1238 237 1293 vinctus
251 1238 314 1310 erat)
328 1239 478 1304 exsolvunt,
494 1247 632 1311 orantque,
647 1247 677 1293 ut
689 1255 799 1295 caussae
809 1257 874 1295 suae
883 1240 928 1295 de-

130 1321 249 1385 precator
258 1315 375 1369 adsistat.
397 1314 588 1385 Aspernantem
600 1322 801 1385 tumentemque
811 1313 926 1369 lacrimis

132 1386 241 1461 fatigant
250 1388 407 1461 (extremum
420 1388 569 1461 malorum).
583 1395 617 1443 tot
627 1387 764 1443 lortrssrmr
776 1407 829 1443 v1r1
839 1388 927 1459 prodi·

131 1464 194 1517 toris
207 1480 286 1533 opem
300 1464 461 1518 invocantes.
501 1464 563 1517 Mox
575 1462 722 1517 velamenta
736 1470 761 1516 et
771 1461 872 1518 infulas
882 1480 926 1533 pre

131 1538 216 1591 muris
226 1545 365 1591 ostentant.
386 1537 455 1591 Cum
465 1536 597 1591 Aemulus
606 1537 721 1591 inhiberi
732 1536 781 1591 tela
792 1538 924 1602 iussisset,

130 1612 207 1683 signa
227 1610 384 1697 aquilasque
403 1611 533 1665 extulere:
565 1619 696 1666 moestum
716 1613 862 1667 inermium
881 1629 926 1685 ag·

131 1701 202 1747 men,
218 1684 325 1738 deiectis
339 1702 366 1737 an
383 1693 477 1738 terram
487 1685 581 1750 oculis,
595 1686 764 1756 sequebatur.
805 1686 926 1742 Circum-

130 1758 249 1811 stiterant
263 1759 383 1823 victores,
399 1766 424 1812 et
432 1760 520 1830 primo
533 1760 687 1832 ingerebant
696 1761 802 1831 probra,
814 1762 926 1817 intenu-

131 1830 194 1884 bant
204 1833 285 1886 ictus:
307 1850 379 1897 mox,
387 1841 417 1887 ut
426 1833 545 1905 praeberi
555 1851 600 1889 ora
611 1834 789 1899 coutumeliis,
800 1843 835 1900 et,
842 1837 925 1907 posita

129 1906 202 1959 omni
213 1905 317 1970 lerocia,
328 1915 421 1961 cuncta
432 1909 494 1963 victi
505 1909 681 1980 patiebantur,
689 1909 763 1964 subit
771 1911 923 1974 recordatio,

128 1979 189 2034 illos
202 1997 270 2045 esse,
291 1982 339 2052 qui
358 1999 443 2053 nuper
457 1983 574 2037 Bedriaci
588 1984 712 2037 victoriae
724 1990 922 2053 temperassent.

129 2053 180 2108 Sed
196 2054 242 2108 ubi
257 2055 377 2120 Caecina,
394 2064 527 2127 praetexta
541 2058 733 2129 lictoribusque
746 2059 874 2132 insignis,
884 2058 925 2113 di-

130 2137 198 2183 mota
214 2130 300 2195 turba,
315 2131 406 2185 oousul
421 2133 539 2195 incessit,
553 2148 674 2185 exarsere
683 2133 810 2201 victores;
832 2150 925 2205 supcr-

129 2204 199 2258 biam
211 2206 403 2276 saevitiamque
411 2206 484 2278 (adeo
493 2207 581 2260 invisa
591 2206 689 2260 scelera
699 2207 856 2278 suntletiam
867 2225 925 2279 per·

130 2278 229 2343 fidiam,
241 2280 414 2334 oblectabant.
435 2279 542 2335 Obstitit
551 2279 692 2344 Antonius,
704 2279 828 2354 datisque
836 2281 925 2337 delen·

127 2353 242 2416 soribus,
255 2353 287 2407 ad
297 2355 490 2425 Vespasianum
503 2354 607 2407 dimisit

183 2431 224 2481 at.
255 2427 332 2482 Plebs
356 2430 462 2483 iuterim
483 2427 703 2483 Cremonensium
724 2430 793 2483 inter
812 2437 924 2486 armatos
964 2428 965 2464 3

126 2500 338 2557 conflictabatur:
353 2520 402 2557 nec
411 2500 503 2574 procul
514 2502 592 2556 caede
601 2503 719 2567 aberant,
726 2521 789 2558 cum
800 2506 924 2575 precibus

110 2572 215 2627 ducum
225 2578 373 2649 mitigatus
383 2587 426 2635 est
435 2577 528 2634 miles.
563 2577 603 2632 lit
613 2585 721 2632 uocaus
732 2578 931 2631 accendissem

92 2633 593 2734 snonrnssdloquuur,magnluee
602 2647 948 2714 sieteresmictosclema-
