1950 3016
96 197 121 237 t.
133 197 160 236 c.
171 178 219 253 to.)
308 189 386 235 LlB.
405 189 456 236 tv.
477 191 565 236 GAP.
585 191 626 237 15.
646 191 687 238 16.
847 184 895 236 l’iil

95 290 159 346 Erat
172 289 202 344 in
212 288 431 344 Canninefatibus
446 290 556 345 stolidae
566 291 690 346 audaciae
698 290 807 357 Brinno,
818 290 897 345 clari-

96 374 148 422 tate
158 364 288 419 natalium
298 365 409 437 insigni.
430 365 506 418 Pater
516 365 790 430 eius,multahostilia
801 383 895 430 erasus,

97 441 258 498 Gaianarum
269 439 468 509 expeditionum
482 439 631 495 ludibrium
641 441 742 511 inpune
750 449 894 511 spreverat.

95 517 182 591 igitur
196 516 256 586 ipso
269 513 376 569 rebellis
390 513 505 568 familiae
515 517 623 571 nomine
631 515 740 586 placuit,
752 517 897 586 inpositus-

96 608 151 664 que
160 598 246 654 scuto,
257 607 330 644 more
337 590 435 661 gentis,
443 598 468 644 et
476 591 667 645 sustinentium
679 591 798 644 humeris
808 591 897 644 vibra-

96 674 151 731 tus,
164 665 222 719 dux
231 663 365 737 deligitur.
391 663 540 736 Statimque
549 667 639 720 accitis
649 666 745 719 Frisiis
755 664 898 737 (transrhe-

95 759 168 797 nana
176 757 243 813 gens
254 739 302 811 est)
312 738 426 793 duarum
437 741 584 795 cohortium
595 740 716 804 hiberna,
724 740 844 810 proxima
854 757 898 793 oc·

95 824 208 888 cupatu,
222 812 325 869 Oceano
339 815 478 885 inrumpit.
518 816 572 868 Nec
581 814 765 885 praeviderant
773 815 897 885 inpetum

95 891 218 946 hostium
228 889 340 944 milites:
363 906 419 953 nec,
432 890 456 943 si
465 889 667 960 praevidissent,
680 890 744 943 satis
755 890 855 944 virium
864 888 897 941 ad

95 965 243 1022 arcendum
258 972 321 1018 erat.
362 963 443 1034 Capta
457 966 540 1038 igitur
552 964 688 1036 etdirepta
698 972 791 1018 castra.
830 964 896 1017 Dein

97 1058 192 1114 vagos,
203 1047 228 1093 et
237 1040 309 1110 pacis
319 1039 398 1094 modo
408 1037 514 1104 effusos,
530 1039 598 1094 lixas
608 1041 835 1113 negotiatoresque
845 1039 897 1093 Ro-

96 1133 193 1173 menos
203 1114 342 1168 invadunt.
382 1112 468 1168 Simul
483 1114 594 1169 excidiis
603 1115 770 1170 castellorum
781 1116 897 1169 inmine-

96 1193 177 1248 bant:
198 1206 268 1261 quas
281 1206 296 1242 a
310 1188 448 1259 praefectis
462 1190 610 1244 cohortium
624 1191 732 1244 incensa
746 1197 819 1252 sunt,
832 1190 897 1260 quia

96 1265 205 1323 delendi
216 1264 370 1335 nequibant.
408 1262 489 1337 Signa
500 1264 651 1335 vexillaque
664 1273 690 1318 et
698 1264 770 1334 quod
780 1263 895 1317 rnilitum

96 1344 126 1399 in
152 1340 316 1410 superiorem
343 1337 449 1393 insulae
471 1347 573 1409 partem
601 1346 807 1410 congregantur,
831 1336 898 1389 duce

96 1416 220 1489 Aquillio
238 1414 411 1486 primipilari3
442 1430 538 1468 nomen
553 1414 639 1484 magis
652 1413 792 1475 exercitus,
816 1427 898 1481 quam

96 1493 195 1548 robur:
217 1490 327 1562 quippe,
339 1489 443 1544 viribus
453 1488 600 1542 cohortium
612 1487 742 1551 abductis,
751 1484 898 1542 Vitelliuse

95 1565 231 1641 proximis
248 1565 407 1619 Nerviorum
427 1564 676 1633 Germanorumque
694 1560 770 1634 pagis
789 1577 898 1634 segnem

96 1657 243 1699 numerum
254 1639 336 1693 armis
345 1646 507 1693 oneraverat.

155 1719 198 1770 lt.
219 1714 324 1779 Civilis,
336 1714 396 1769 dolo
404 1712 582 1786 grassandum
592 1718 675 1777 ratus,
687 1711 820 1768 incusavit
830 1711 899 1766 ultro

96 1790 253 1865 praefectos,
266 1794 333 1859 quod
344 1792 451 1843 castella
461 1792 638 1843 deseruissent.
677 1787 711 1842 Se
720 1806 777 1843 eum
787 1791 896 1849 cohorte,

97 1872 142 1923 cci
150 1874 287 1935 praeerat,
315 1863 507 1933 Cancimsetem
525 1866 661 1918 termultum
680 1880 897 1933 compressurum:

97 1947 140 1998 ert
154 1959 205 1997 ace
220 1944 328 2010 quiaque
345 1942 453 1992 hiberna
466 1947 615 2006 repeterent.
653 1937 769 1994 Subesse
778 1938 897 1993 fraudem

98 2017 221 2080 consilio,
243 2022 268 2068 et
286 2015 421 2086 dispersas
440 2013 559 2068 cohortes
579 2012 683 2068 facilius
702 2014 828 2084 opprimi,
851 2028 899 2065 nec

96 2094 261 2148 brinnonem
272 2089 367 2144 ducem
378 2089 436 2143 eius
446 2088 519 2152 belli,
536 2089 583 2142 sed
594 2089 708 2144 Civilem
718 2104 786 2150 esse,
799 2086 896 2155 patuit:

98 2165 303 2238 erumpentibus
317 2164 456 2236 paullatim
472 2163 589 2229 indiciis,
606 2180 675 2234 quae
685 2161 821 2223 Germani,
833 2158 899 2212 laeta

98 2242 169 2299 bello
178 2258 255 2315 gens,
268 2258 320 2295 non
331 2240 378 2295 diu
388 2237 590 2294 occultaverant.
616 2237 667 2292 Ubi
680 2235 793 2289 insidiae
802 2250 898 2303 parum

98 2334 213 2381 cessere,
234 2315 267 2370 ad
282 2316 338 2369 vim
355 2322 548 2386 transgressus,
571 2310 765 2372 Canninefates,
787 2308 897 2369 Frisios,

98 2395 211 2449 Batavos
226 2391 342 2462 propriis
355 2390 448 2444 cuneis
458 2389 601 2459 componit.
640 2387 742 2439 Directa
752 2400 786 2436 ex
795 2382 901 2436 diverso

99 2470 180 2534 acies,
196 2465 269 2522 haud
283 2465 375 2536 procul
391 2463 529 2520 allumins
538 2463 640 2523 Rheno,
651 2467 676 2512 et
684 2458 803 2512 obversis
814 2457 842 2510 in
852 2456 897 2511 ho

99 2554 168 2600 stem
179 2541 305 2605 navibus,
312 2558 389 2613 quas,
396 2540 514 2594 incensis
524 2531 731 2601 castellis,illuo
738 2530 916 2603 ahqxherant.

89 2621 149 2671 Nec
160 2617 210 2668 dia
224 2623 328 2681 certato,
354 2617 535 2694 Tungrorum
548 2614 651 2672 cohors
667 2611 755 2687 signa
765 2601 941 2663 suffixum

77 2687 231 2742 transtulit:
247 2692 439 2771 perculsique
456 2695 569 2756 militas
587 2691 749 2771 inprovisa
761 2680 968 2760 promittam

676 2769 747 2832 utu
