1950 3016
65 201 193 278 nero.)
278 212 357 258 are.
376 212 431 259 nu
452 212 540 260 cur.
561 213 601 260 us.
622 214 663 259 aa.
824 210 870 263 tlt

65 313 229 370 eoontrario
248 312 315 367 laeta
328 312 417 367 omnia
430 312 551 386 lingeret,
571 312 648 368 lalsis
659 314 867 389 ingravesoebot.

65 390 168 445 llirum
183 386 256 458 apud
270 389 361 458 ipsum
376 388 493 443 debello
507 388 659 443 silentium:
683 390 810 460 prohibiti
821 408 868 462 per

65 464 203 521 eivitatem
219 478 371 517 sermones:
392 479 478 534 eoque
491 462 592 534 plures,
609 479 649 527 ae,
663 462 796 528 alliceret,
808 482 869 519 vere

65 538 216 605 narraturi,
251 538 318 607 quia
340 536 510 602 vetabantur,
536 537 662 592 atrociora
684 538 866 611 vulgaverant.

64 614 120 669 Nee
128 613 215 667 duees
225 611 345 666 bostium
354 612 490 683 augendae
499 611 585 666 famae
593 612 710 676 deerant,
724 620 813 682 captos
823 614 870 667 Vi·

63 688 132 745 tellii
147 687 328 758 exploratores
341 686 600 759 eircumduetoeque,
615 695 646 741 ut
658 686 751 741 robora
760 687 868 741 victorie

65 763 354 826 exereitusnoseerent,
366 761 536 816 remittendo:
557 761 866 832 quosomnesvitellius,

64 846 168 894 secreto
176 842 373 907 percunctatus,
385 836 497 890 interfici
506 837 595 890 iussit.
621 835 868 891 Notabilieonstau-

64 914 102 969 tin
123 912 245 966 eenturio
264 910 352 964 lulius
369 911 503 982 Agrestis,
523 918 584 981 poet
603 910 701 966 multos
720 928 866 976 sermones,

64 986 169 1059 quibus
181 984 320 1041 Vitellium
334 984 367 1038 ad
379 985 502 1039 virtutem
517 985 615 1041 frustra
629 986 794 1051 recondebat,
806 1003 867 1057 per-

64 1060 146 1134 pulit,
167 1067 198 1114 ut
212 1060 246 1113 ad
259 1061 331 1114 vires
344 1058 463 1113 hostium
477 1061 641 1130 spectandas,
661 1076 786 1133 quaeque
795 1060 866 1132 apud

65 1136 226 1193 Cremonam
239 1142 295 1188 aeta
311 1133 402 1197 forent,
418 1135 477 1205 ipso
488 1136 642 1190 mitteretur.
682 1136 867 1206 Neoexplore·

63 1212 138 1267 tione
155 1208 257 1264 oeculta
278 1208 369 1263 fallere
381 1208 526 1264 Antonium
542 1211 661 1275 tentavit,
682 1210 729 1264 sed
744 1210 866 1264 mandata

63 1284 234 1357 imperatoris
244 1300 381 1354 suumque
390 1284 510 1338 animum
522 1284 668 1355 professus,
681 1293 711 1338 ut
720 1292 814 1338 cuneta
826 1285 867 1336 vi-

64 1368 144 1423 seret,
165 1358 291 1430 poetulut.
331 1359 417 1423 Missi,
437 1360 486 1430 qui
499 1359 586 1413 locum
596 1357 700 1428 proelii,
723 1357 867 1410 Cremonae

63 1434 189 1507 vestigia,
205 1441 294 1503 eaptas
308 1432 424 1506 legiones
433 1433 609 1488 ostenderent.
648 1431 768 1501 Agrestis
777 1431 810 1484 ad
821 1431 867 1484 vi-

63 1508 169 1565 tellium
181 1508 318 1573 remeavit,
330 1508 521 1579 abnuentique,
528 1525 591 1561 vera
598 1523 660 1569 esee,
667 1523 733 1575 quoe
742 1510 864 1574 adferret,

63 1594 145 1657 etque
155 1582 226 1639 ultro
236 1592 389 1651 corruptum
398 1582 533 1654 arguenti3
546 1581 863 1651 quandoquidemdnquit,

62 1676 159 1729 morra
172 1663 323 1712 documento
337 1674 401 1725 opus
415 1666 460 1721 eet,
476 1674 523 1711 nee
535 1660 607 1711 altus
621 1660 675 1709 lom
687 1659 733 1709 titi
742 1664 788 1710 aut
797 1660 866 1709 uitae

63 1744 110 1791 ortt
119 1737 214 1788 mortis
223 1750 294 1787 meaa
303 1748 373 1794 urus,
379 1735 454 1794 dubo,
461 1736 504 1785 oui
514 1736 619 1786 eredm:
630 1739 710 1802 atque
719 1730 866 1803 itadigres-

63 1826 122 1873 sus,
143 1807 293 1863 voluntaria
308 1814 391 1861 morte
405 1806 474 1859 dieta
487 1806 612 1860 firmavit.
652 1804 767 1871 Quidem
786 1807 863 1861 iussu

63 1882 165 1940 Vitellii
180 1881 363 1945 interfectum,
383 1880 417 1934 de
429 1880 481 1935 lide
490 1881 689 1952 oonstantiaque
698 1881 789 1936 eadem
811 1890 864 1936 tra-

62 1958 164 2015 didere.

116 2036 161 2088 55.
181 2030 316 2095 Vitellius,
333 2036 363 2084 ut
377 2047 392 2084 e
405 2046 499 2086 eomrm
508 2031 620 2094 excitus,
632 2028 731 2084 lulium
741 2030 864 2083 Priscum

63 2107 253 2179 etdlphenum
262 2106 365 2161 Varum
378 2122 440 2159 oum
451 2105 513 2161 XlV
523 2106 660 2175 praetoriis
674 2103 826 2158 oohortihus
839 2110 864 2155 et

62 2183 191 2239 omnibus
200 2181 323 2253 equitum
333 2180 382 2233 alis
391 2179 512 2234 obsidere
521 2180 694 2251 Apenninum
704 2178 787 2231 iubet.
817 2175 863 2229 Se-

62 2266 123 2313 mta
131 2274 148 2311 e
156 2256 277 2311 elassieis
288 2255 365 2327 legio.
378 2254 426 2309 Tot
437 2254 522 2309 millia
531 2251 775 2316 armatorum,leeta
785 2251 863 2320 equis

61 2333 195 2403 virisque,
211 2331 236 2384 si
246 2329 303 2384 dux
312 2328 380 2383 alius
392 2328 464 2394 soret,
477 2327 615 2383 inferendo
623 2342 732 2397 quoque
742 2323 811 2378 bello
821 2342 864 2378 sa-

61 2409 96 2461 tis
109 2406 255 2478 pollebant.
296 2403 401 2458 Ceterae
415 2404 534 2459 eohortee
546 2404 579 2457 ad
589 2400 715 2456 tuendam
726 2410 820 2452 urbem
828 2399 860 2453 b.

60 2481 170 2537 Vitellio
180 2479 253 2534 fratri
263 2479 347 2534 datae.
369 2480 438 2550 lpse,
449 2479 516 2533 nibil
527 2477 628 2532 esolito
638 2472 705 2527 luxu
715 2474 861 2539 remittens,

62 2562 88 2611 et
101 2554 249 2611 diffidentia
261 2570 401 2625 properus,
418 2552 544 2608 festinare
557 2549 676 2615 eomitiu,
691 2548 798 2623 quibus
804 2566 872 2604 mn-

55 2628 169 2681 mlesi'n
176 2627 278 2681 multos
290 2629 555 2689 annosdestinabat:
580 2624 892 2693 redemerimu-

41 2710 90 2747 ἰω
104 2699 223 2749 aterno
235 2700 376 2775 dilargiri:
398 2706 447 2767 lu'e
464 2709 578 2770 tributa
592 2709 758 2780 dimittere,
769 2705 847 2767 alios
856 2702 912 2757 in·
