1950 3016
10 39 47 161 ul
84 98 216 175 ammo.)
310 108 391 156 nan.
407 108 459 156 ιιι
479 110 568 158 cae.
588 112 675 158 s-o.
843 108 891 158 tte

85 208 233 266 oonsulare
252 225 350 264 nomen
366 211 538 285 surgentibus
556 228 619 266 cum
638 212 755 267 maxime
770 213 891 284 partibus

86 284 202 341 honesta
213 286 303 355 speeie
311 284 532 355 praetenderetur.

142 362 171 415 ὖ.
195 358 331 423 Ceterum,
352 369 381 414 ut
402 363 576 415 transmittere
594 361 622 414 in
637 360 737 415 ltaliam
751 363 853 432 inpune
867 371 892 416 et

88 436 154 489 usui
169 433 252 499 loret,
266 436 396 505 seriptum
410 434 514 507 Aponio
527 435 683 500 Saturnino,
704 453 761 489 eum
775 443 891 490 exercitu

88 510 207 565 Moesico
220 512 366 564 σιωπαί.-
392 508 431 565 Ae
442 529 475 565 ne
484 512 600 565 inermes
610 512 764 582 provinciae
773 511 892 564 barbaris

89 584 249 639 rationibus
263 593 465 654 exponerentur,
480 587 615 657 principes
627 585 807 640 Sarmatarum
820 586 894 658 lazy-

90 676 169 733 gum,
193 675 278 730 penes
296 676 365 731 quos
383 661 497 715 civitatis
511 663 640 732 regimen,
662 662 691 716 in
705 660 893 715 oommilitium

90 734 198 789 adsoiti.
236 732 345 788 Plebem
354 751 463 806 quoque
474 742 500 789 et
508 737 564 790 vim
574 737 707 807 equitum,
718 752 772 807 qua
782 735 836 790 sola
847 753 894 789 va-

90 808 158 875 lent,
171 807 329 865 offerebant:
350 810 494 864 remissum
509 808 537 864 id
547 828 657 875 munus,
670 829 703 865 ne
712 812 781 865 inter
793 811 894 865 discor-

43 898 49 935 r·
91 884 152 941 ‹liaa
161 892 271 939 exterm
281 882 447 949 molirentur,
459 892 514 948 aut,
527 886 624 940 maiore
634 903 668 941 ex
677 886 783 941 diverso
793 903 893 941 merce-

92 958 137 1025 de,
157 958 204 1015 ius
222 957 317 1030 fasque
335 966 470 1014 exuerent.
510 959 662 1015 Trahuntur
681 963 709 1015 in
728 970 815 1032 partes
830 961 893 1016 Sido

93 1044 175 1106 atque
184 1033 302 1098 ltelieua,
314 1050 389 1106 reges
401 1033 560 1100 Suevorum,
573 1037 636 1107 quis
645 1045 722 1091 vetus
732 1036 892 1108 obsequium

93 1126 156 1183 aga
173 1108 322 1176 Romanos,
353 1117 378 1162 et
398 1126 465 1182 gens
486 1109 546 1163 tidei
565 1114 723 1164 sommissae
742 1113 891 1181 patientior.

92 1184 182 1241 Posita
196 1184 227 1238 in
242 1182 311 1237 latus
320 1183 429 1248 auxilia,
440 1183 535 1238 infesta
545 1184 664 1249 Rhaetia,
676 1187 719 1239 eui
731 1185 834 1239 Por-tius
847 1185 895 1238 Se-

93 1260 228 1331 ptiminus
246 1265 398 1329 procurator
417 1266 481 1322 erat,
500 1260 668 1329 incorruptae
681 1276 743 1330 erga
756 1259 893 1312 Vitellium

38 1344 43 1385 :
93 1334 166 1391 fidei.
207 1334 291 1405 igitur
305 1331 433 1387 Sextilius
447 1332 533 1397 Felix,
548 1350 611 1387 cum
621 1333 661 1387 ala
671 1333 788 1387 Auriana
800 1341 826 1386 et
836 1333 895 1386 Vlll

92 1408 249 1465 cohortibus
258 1425 289 1462 ae
298 1408 455 1462 Norioorum
464 1409 612 1472 iuventute,
625 1408 658 1461 ad
667 1407 848 1477 occupandam
859 1408 896 1460 ri-

92 1501 156 1557 pam
167 1483 236 1538 Aeni
247 1480 456 1555 fluminis,quod
465 1482 578 1537 lilraetos
584 1483 747 1554 Noricosque
757 1481 893 1546 intertluit,

93 1560 208 1615 missus.
245 1558 315 1622 Nee,
335 1557 379 1611 his
393 1565 438 1612 aut
448 1557 502 1612 illis
512 1556 642 1629 proelium
653 1557 826 1623 tentantibus,
842 1556 895 1612 lor-

92 1641 158 1691 tuna
168 1633 286 1705 partium
297 1631 361 1686 alibi
371 1640 509 1686 transacta.

148 1712 177 1763 6.
192 1706 476 1767 Antonio,rexillarios
486 1724 501 1760 e
511 1707 662 1762 cohortibus
672 1715 697 1761 et
707 1715 807 1778 partem
818 1710 892 1780 eqrri-

10 1794 18 1827 ῑ-
92 1790 152 1839 tum
162 1781 385 1837 adinvadendam
397 1781 496 1836 ltaliam
508 1782 629 1852 rapienti,
640 1799 729 1837 eomes
739 1782 789 1837 luit
799 1784 893 1839 Arrius

10 1880 18 1890 ·
92 1858 196 1924 Varus,
213 1865 339 1911 suenuus
354 1855 437 1910 bello:
458 1874 540 1929 quam
554 1856 666 1929 gloriam
679 1858 769 1914 etdux
779 1859 894 1914 Corbulo

10 1943 16 1979 i
93 1943 121 1989 et
131 1949 276 2006 prosperae
286 1933 316 1986 in
326 1931 452 1985 Armenia
462 1949 505 1985 res
515 1931 677 1988 addiderant.
707 1933 779 1988 Idem
789 1939 895 1986 secretis

93 2014 166 2078 apud
176 2009 305 2065 Naroma
318 2010 466 2061 rummiens
480 2005 610 2061 terebatur
623 2008 774 2062 Corbulonis
786 2012 896 2060 uirtutes

94 2088 265 2139 arbriaotua:
280 2080 463 2146 unde,iniami
471 2082 555 2154 gratia
564 2083 683 2153 primum
694 2082 780 2154 pilum
791 2081 893 2150 adepto,

10 2181 13 2191 ·
73 2196 77 2201 -
94 2156 161 2213 laeta
171 2158 342 2228 adpraesens
351 2156 420 2211 male
429 2166 512 2229 parta,
519 2174 582 2212 mox
592 2158 620 2211 in
631 2158 776 2228 perniciem
782 2164 893 2210 vertere.

10 2272 12 2279 ι
94 2232 146 2289 Sed
159 2234 269 2287 Primus
282 2248 314 2286 ao
324 2231 421 2296 Varus,
441 2240 565 2302 occupata
576 2232 708 2304 Aquileia,
730 2231 759 2284 in
775 2231 895 2299 proxima

10 2332 13 2342 ·
94 2324 234 2381 quaeque,
255 2314 281 2360 et
290 2304 418 2380 Opitergii
433 2315 459 2361 et
473 2306 556 2361 Altini
566 2305 641 2361 laetis
651 2305 749 2359 animis
759 2305 896 2374 accipiun-

94 2392 147 2439 tur.
188 2380 320 2437 Relietum
342 2380 425 2436 Altini
449 2381 613 2452 praesidium
635 2380 764 2434 adversus
783 2377 895 2433 classem

10 2482 12 2492 =
94 2458 288 2520 Ravennatem,
308 2456 428 2511 nondum
449 2455 598 2513 delectione
618 2456 679 2512 eius
698 2453 804 2510 aualtta.
835 2455 911 2508 lube

80 2531 223 2581 havium
233 2528 360 2585 etAteste
366 2533 497 2602 partibus
509 2535 680 2593 adiunxere,
691 2533 760 2592 illio
767 2533 934 2608 ungulatum,

67 2604 121 2649 ''¹'‘
131 2599 291 2655 Villium
302 2609 464 2667 cohererent
474 2617 570 2686 atam,
585 2620 632 2675 cat
645 2615 830 2677 &aarum
838 2622 955 2668 uomet,

10 234 33 786 3:35553425-

10 932 33 1264 :aziz-*zss-ffi

12 1378 40 1419 A.

11 1438 41 1506 e,]¹

10 1512 26 1562 p

10 1600 24 1637 >-
