1950 3016
119 212 152 266 ao
358 216 688 265 urscournnuu
781 205 914 280 (auam

119 320 166 382 vit,
178 317 225 372 sed
235 334 322 372 maras
332 317 494 395 deliguntur.
530 318 683 374 Certissima
694 316 759 371 fides
769 315 915 371 haedorum

119 393 203 448 libris.
243 391 407 467 Sanguinem
420 412 479 450 arae
488 393 634 450 obfundere
643 393 769 447 vetitum:
790 393 915 464 precibus

118 476 143 522 et
162 470 224 541 igne
243 484 311 541 puro
330 470 420 525 altaria
442 469 592 534 adolentur,
617 484 666 523 nec
687 467 751 523 ullis
770 467 913 533 imbribus,

117 560 282 615 quamquam
297 546 325 600 ln
336 554 434 617 aperto,
446 545 610 599 madescunt.
650 543 829 598 Simulacrum
841 542 913 609 deae,

118 634 170 672 non
181 617 268 692 effigie
279 620 405 685 bumana,
417 621 560 675 continuus
570 619 642 674 orbis
653 619 744 674 latiore
751 619 829 674 initio
840 628 915 672 tenu·

118 710 159 747 em
176 695 204 748 in
218 695 359 760 ambitum,
374 705 459 750 metae
471 695 558 760 modo,
573 712 730 768 exsurgens.
769 693 803 747 Et
813 694 879 748 ratio
887 693 916 747 in

117 769 238 824 obscuro.

173 847 197 899 l.
220 844 295 897 Titus
305 851 419 914 spectata
428 841 562 914 opulentia
571 842 703 915 donisque
713 855 817 916 νομῆι,
832 858 916 914 quae-

117 936 170 991 que
180 918 230 972 alia
243 917 339 973 laetum
351 918 554 990 antiquitatibus
562 918 723 973 Graecorum
734 934 820 991 genus
829 919 916 972 incer-

117 995 285 1047 taevetustati
297 992 416 1067 adtingit,
424 993 457 1048 de
468 993 634 1066 navigatione
643 994 761 1064 primum
769 993 914 1048 consuluit.

116 1069 259 1139 Postquam
270 1067 350 1138 pandi
363 1069 433 1122 riam
445 1077 471 1122 et
480 1084 552 1122 mare
562 1084 718 1139 prosperum
730 1067 878 1139 accepit,de
887 1084 915 1122 se

117 1160 164 1214 per
184 1143 308 1215 ambages
328 1145 478 1216 interrogat,
500 1144 584 1197 caesis
606 1142 789 1214 compluribus
809 1143 912 1198 hostiis.

117 1217 249 1272 Sostratus
259 1218 409 1290 (sacerdotis
420 1219 448 1272 id
459 1235 553 1272 nemen
565 1218 679 1290 eratlubi
692 1217 755 1272 laeta
767 1226 793 1272 et
800 1235 916 1292 congru·

117 1295 185 1346 entia
201 1301 270 1358 exta,
288 1294 448 1367 magnisque
462 1292 590 1347 consultis
606 1309 723 1348 annuere
732 1293 820 1358 deam,
833 1293 912 1358 videt,

117 1385 201 1439 pauca
215 1370 243 1422 in
258 1385 383 1440 praesens
398 1377 423 1422 et
437 1368 511 1423 solita
523 1368 695 1438 respondens,
713 1369 793 1438 petito
804 1377 912 1431 secretu,

118 1442 205 1499 lutura
218 1446 311 1515 aperit.
351 1444 436 1508 Titus,
453 1453 529 1498 aucto
542 1445 640 1509 animo,
657 1443 691 1497 ad
705 1452 806 1514 patrem
822 1460 915 1515 perve-

117 1528 185 1584 ctus,
197 1521 335 1591 suspensis
346 1520 543 1590 provinciarum
556 1527 581 1572 et
591 1520 756 1573 exercituum
767 1519 912 1582 mentibus,

116 1595 212 1668 ingens
232 1612 321 1649 rerum
341 1595 437 1648 fiducia
456 1593 574 1648 accessit.
615 1592 800 1666 Profligaverat
812 1592 914 1647 bellum

117 1669 254 1724 ludaioum
260 1670 453 1740 Vespasianus;
467 1667 913 1742 oppugnationeHiercsolymorum

117 1743 229 1814 reliqua,
240 1743 308 1799 duro
321 1744 407 1817 magis
419 1750 444 1796 et
454 1743 536 1798 arduo
545 1760 632 1814 opere,
644 1744 679 1799 ob
688 1744 827 1816 ingenium
838 1760 915 1798 mon-

118 1820 152 1872 tis
166 1826 191 1872 et
204 1820 378 1889 pervicaciam
393 1819 598 1889 superstitionis,
615 1836 696 1890 quarn
710 1836 765 1890 quo
775 1821 839 1873 satis
850 1818 913 1872 viri-

117 1910 165 1946 um
187 1893 304 1948 obsessis
333 1893 366 1948 ad
389 1892 536 1948 tolerandas
561 1897 728 1949 necessitates
752 1900 912 1965 superesset.

117 1969 191 2028 Tres,
203 1976 232 2023 ut
242 1986 323 2040 supra
333 1970 551 2034 memoravimus,
563 1971 615 2041 ipsi
625 1970 788 2041 Vespasiano
798 1968 915 2042 legiones

117 2052 199 2109 erant,
216 2046 345 2098 exercitae
358 2044 441 2101 bello:
461 2052 576 2118 quatuor
589 2046 729 2101 Mucianus
740 2044 876 2099 obtinebat
885 2044 914 2098 in

117 2135 193 2190 paee;
215 2119 262 2173 sed
277 2119 417 2175 aemulatio
431 2127 456 2175 ei
468 2122 583 2192 proximi
595 2122 726 2177 exercitus
736 2119 915 2193 gloriadepu·

118 2193 181 2248 lerat
195 2195 350 2268 segnitiam:
371 2203 556 2268 quantumque
569 2195 623 2251 illis
643 2196 744 2251 roboris
758 2194 914 2249 discrimina

116 2277 142 2322 et
157 2268 238 2335 labor,
254 2277 356 2325 tantum
372 2270 416 2324 iris
430 2272 530 2344 vigoris
544 2269 679 2325 addiderat
688 2272 791 2344 integra
801 2271 879 2341 quies
890 2275 915 2323 et

116 2344 246 2414 inexperti
260 2345 323 2399 belli
340 2345 421 2400 labor.
461 2344 568 2400 Auxilia
584 2346 691 2416 utrique
702 2345 850 2400 cohortium
860 2343 915 2399 ala·

116 2435 242 2546 rupique,
263 2427 289 2474 et
301 2420 399 2475 classes
413 2437 552 2494 regesque,
574 2436 604 2474 ac
617 2437 713 2475 nomen
728 2420 828 2491 dispari
844 2418 913 2475 fama

117 2494 227 2549 ceebre.

166 2571 192 2622 ὅ.
217 2569 406 2641 Vespasianus,
427 2584 487 2624 acer
500 2567 621 2636 militiae,
642 2570 740 2623 anteire
749 2586 856 2641 agmen,
876 2569 915 2624 lo-

94 2653 160 2690 cum
177 2646 278 2700 castris
290 2662 397 2718 capere,
420 2652 505 2703 noctu
520 2644 628 2720 diuque
641 2644 771 2706 consilio,
787 2658 832 2703 ac,
848 2643 929 2692 siries

67 2721 212 2782 Imm,
239 2737 333 2779 manu
352 2724 488 2784 hostibus
502 2724 616 2792 obnisu
645 2720 713 2779 cibo
727 2714 856 2774 lurtum,
869 2717 948 2761 aesta
