<?xml version="1.0" encoding="UTF-8"?>
<!DOCTYPE html PUBLIC "-//W3C//DTD XHTML 1.0 Transitional//EN"
    "http://www.w3.org/TR/xhtml1/DTD/xhtml1-transitional.dtd">
<html xmlns="http://www.w3.org/1999/xhtml" xml:lang="en" lang="en">
 <head>
  <title>
</title>
<meta http-equiv="Content-Type" content="text/html;charset=utf-8" />
  <meta name='ocr-system' content='tesseract 3.04.00' />
  <meta name='ocr-capabilities' content='ocr_page ocr_carea ocr_par ocr_line ocrx_word'/>
</head>
<body>
  <div class='ocr_page' id='page_1' title='image "./ccorneliitaciti00weisgoog_0222.png"; bbox 0 0 1950 3016; ppageno 0'>
   <div class='ocr_carea' id='block_1_1' title="bbox 62 200 868 277">
    <p class='ocr_par' dir='ltr' id='par_1_1' title="bbox 62 200 868 277">
     <span class='ocr_line' id='line_1_1' title="bbox 62 200 868 277; baseline 0.007 -18"><span class='ocrx_word' id='word_1_1' title='bbox 62 221 90 259; x_wconf 78' lang='lat' dir='ltr'><strong>a.</strong></span> <span class='ocrx_word' id='word_1_2' title='bbox 101 220 129 259; x_wconf 87' lang='lat' dir='ltr'><strong>c.</strong></span> <span class='ocrx_word' id='word_1_3' title='bbox 140 200 189 277; x_wconf 85' lang='lat' dir='ltr'><strong>rr.)</strong></span> <span class='ocrx_word' id='word_1_4' title='bbox 276 212 357 258; x_wconf 78' lang='lat' dir='ltr'><strong>arn.</strong></span> <span class='ocrx_word' id='word_1_5' title='bbox 377 212 425 260; x_wconf 77' lang='lat' dir='ltr'><strong>su.</strong></span> <span class='ocrx_word' id='word_1_6' title='bbox 445 214 534 260; x_wconf 83' lang='lat' dir='ltr'><strong>ose.</strong></span> <span class='ocrx_word' id='word_1_7' title='bbox 554 214 596 262; x_wconf 75' lang='lat' dir='ltr'><strong>to.</strong></span> <span class='ocrx_word' id='word_1_8' title='bbox 615 216 660 264; x_wconf 78' lang='lat' dir='ltr'><strong>re.</strong></span> <span class='ocrx_word' id='word_1_9' title='bbox 816 210 868 266; x_wconf 77' lang='lat' dir='ltr'><strong>att</strong></span> 
     </span>
    </p>
   </div>
   <div class='ocr_carea' id='block_1_2' title="bbox 57 312 869 2785">
    <p class='ocr_par' dir='ltr' id='par_1_2' title="bbox 61 312 869 1044">
     <span class='ocr_line' id='line_1_2' title="bbox 62 312 867 387; baseline 0.002 -16"><span class='ocrx_word' id='word_1_10' title='bbox 62 312 232 377; x_wconf 85' lang='lat' dir='ltr'><strong>viderentur,</strong></span> <span class='ocrx_word' id='word_1_11' title='bbox 243 312 273 366; x_wconf 92' lang='lat' dir='ltr'><strong>in</strong></span> <span class='ocrx_word' id='word_1_12' title='bbox 282 313 412 380; x_wconf 86' lang='lat' dir='ltr'><strong>civitates,</strong></span> <span class='ocrx_word' id='word_1_13' title='bbox 420 331 490 387; x_wconf 82' lang='lat' dir='ltr'><strong>quae</strong></span> <span class='ocrx_word' id='word_1_14' title='bbox 498 315 647 370; x_wconf 90' lang='lat' dir='ltr'><strong>societatem</strong></span> <span class='ocrx_word' id='word_1_15' title='bbox 656 315 802 373; x_wconf 87' lang='lat' dir='ltr'><strong>Romanam</strong></span> <span class='ocrx_word' id='word_1_16' title='bbox 813 336 867 374; x_wconf 93' lang='lat' dir='ltr'><strong>non</strong></span> 
     </span>
     <span class='ocr_line' id='line_1_3' title="bbox 62 387 867 465; baseline 0.006 -21"><span class='ocrx_word' id='word_1_17' title='bbox 62 387 398 462; x_wconf 68' lang='lat' dir='ltr'><strong>exuerantperlugerunt.</strong></span> <span class='ocrx_word' id='word_1_18' title='bbox 435 390 714 463; x_wconf 79' lang='lat' dir='ltr'><strong>LegionesaNoveaio</strong></span> <span class='ocrx_word' id='word_1_19' title='bbox 722 392 867 465; x_wconf 83' lang='lat' dir='ltr'><strong>Bonnaque</strong></span> 
     </span>
     <span class='ocr_line' id='line_1_4' title="bbox 61 464 867 539; baseline 0.005 -20"><span class='ocrx_word' id='word_1_20' title='bbox 61 464 92 519; x_wconf 91' lang='lat' dir='ltr'><strong>in</strong></span> <span class='ocrx_word' id='word_1_21' title='bbox 100 464 279 527; x_wconf 86' lang='lat' dir='ltr'><strong>Treveros,ut</strong></span> <span class='ocrx_word' id='word_1_22' title='bbox 288 480 368 535; x_wconf 89' lang='lat' dir='ltr'><strong>supra</strong></span> <span class='ocrx_word' id='word_1_23' title='bbox 380 466 598 531; x_wconf 79' lang='lat' dir='ltr'><strong>memoravimus,</strong></span> <span class='ocrx_word' id='word_1_24' title='bbox 607 465 784 530; x_wconf 90' lang='lat' dir='ltr'><strong>traductae,se</strong></span> <span class='ocrx_word' id='word_1_25' title='bbox 793 470 867 539; x_wconf 80' lang='lat' dir='ltr'><strong>ipsae</strong></span> 
     </span>
     <span class='ocr_line' id='line_1_5' title="bbox 62 538 868 613; baseline 0.002 -18"><span class='ocrx_word' id='word_1_26' title='bbox 62 540 91 594; x_wconf 90' lang='lat' dir='ltr'><strong>in</strong></span> <span class='ocrx_word' id='word_1_27' title='bbox 106 538 190 595; x_wconf 81' lang='lat' dir='ltr'><strong>verba</strong></span> <span class='ocrx_word' id='word_1_28' title='bbox 199 538 357 609; x_wconf 74' lang='lat' dir='ltr'>Vespasiani</span> <span class='ocrx_word' id='word_1_29' title='bbox 371 540 490 613; x_wconf 90' lang='lat' dir='ltr'><strong>adigunt.</strong></span> <span class='ocrx_word' id='word_1_30' title='bbox 531 541 601 595; x_wconf 85' lang='lat' dir='ltr'><strong>Haeo</strong></span> <span class='ocrx_word' id='word_1_31' title='bbox 611 540 752 596; x_wconf 88' lang='lat' dir='ltr'><strong>Valentino</strong></span> <span class='ocrx_word' id='word_1_32' title='bbox 760 542 868 597; x_wconf 88' lang='lat' dir='ltr'><strong>absente</strong></span> 
     </span>
     <span class='ocr_line' id='line_1_6' title="bbox 61 613 867 688; baseline 0.002 -20"><span class='ocrx_word' id='word_1_33' title='bbox 61 622 152 688; x_wconf 83' lang='lat' dir='ltr'><strong>gaeta:</strong></span> <span class='ocrx_word' id='word_1_34' title='bbox 174 614 223 685; x_wconf 89' lang='lat' dir='ltr'><strong>qui</strong></span> <span class='ocrx_word' id='word_1_35' title='bbox 233 613 280 669; x_wconf 93' lang='lat' dir='ltr'><strong>ubi</strong></span> <span class='ocrx_word' id='word_1_36' title='bbox 290 614 447 669; x_wconf 81' lang='lat' dir='ltr'><strong>adventabat</strong></span> <span class='ocrx_word' id='word_1_37' title='bbox 459 613 562 681; x_wconf 83' lang='lat' dir='ltr'><strong>furans,</strong></span> <span class='ocrx_word' id='word_1_38' title='bbox 573 624 723 687; x_wconf 84' lang='lat' dir='ltr'><strong>cunctaque</strong></span> <span class='ocrx_word' id='word_1_39' title='bbox 733 633 828 670; x_wconf 88' lang='lat' dir='ltr'><strong>rursus</strong></span> <span class='ocrx_word' id='word_1_40' title='bbox 839 619 867 671; x_wconf 92' lang='lat' dir='ltr'><strong>in</strong></span> 
     </span>
     <span class='ocr_line' id='line_1_7' title="bbox 62 688 869 764; baseline 0.002 -21"><span class='ocrx_word' id='word_1_41' title='bbox 62 688 158 744; x_wconf 86' lang='lat' dir='ltr'><strong>turbas</strong></span> <span class='ocrx_word' id='word_1_42' title='bbox 167 697 194 743; x_wconf 88' lang='lat' dir='ltr'><strong>et</strong></span> <span class='ocrx_word' id='word_1_43' title='bbox 203 688 315 742; x_wconf 85' lang='lat' dir='ltr'><strong>exitium</strong></span> <span class='ocrx_word' id='word_1_44' title='bbox 325 707 513 755; x_wconf 86' lang='lat' dir='ltr'><strong>conversurus,</strong></span> <span class='ocrx_word' id='word_1_45' title='bbox 521 690 638 764; x_wconf 85' lang='lat' dir='ltr'><strong>legiones</strong></span> <span class='ocrx_word' id='word_1_46' title='bbox 649 691 677 745; x_wconf 94' lang='lat' dir='ltr'><strong>in</strong></span> <span class='ocrx_word' id='word_1_47' title='bbox 687 690 869 745; x_wconf 87' lang='lat' dir='ltr'><strong>Mediomatri-</strong></span> 
     </span>
     <span class='ocr_line' id='line_1_8' title="bbox 62 763 869 829; baseline 0.001 -9"><span class='ocrx_word' id='word_1_48' title='bbox 62 780 120 829; x_wconf 84' lang='lat' dir='ltr'><strong>cos,</strong></span> <span class='ocrx_word' id='word_1_49' title='bbox 131 764 232 818; x_wconf 63' lang='lat' dir='ltr'><strong>mam</strong></span> <span class='ocrx_word' id='word_1_50' title='bbox 241 763 553 829; x_wconf 74' lang='lat' dir='ltr'><strong>civitatemabsoessere.</strong></span> <span class='ocrx_word' id='word_1_51' title='bbox 578 765 737 821; x_wconf 87' lang='lat' dir='ltr'><strong>Valentinus</strong></span> <span class='ocrx_word' id='word_1_52' title='bbox 746 783 778 820; x_wconf 92' lang='lat' dir='ltr'><strong>ae</strong></span> <span class='ocrx_word' id='word_1_53' title='bbox 787 766 869 821; x_wconf 88' lang='lat' dir='ltr'><strong>Tutor</strong></span> 
     </span>
     <span class='ocr_line' id='line_1_9' title="bbox 62 837 869 896; baseline 0.002 -3"><span class='ocrx_word' id='word_1_54' title='bbox 62 840 92 894; x_wconf 93' lang='lat' dir='ltr'><strong>in</strong></span> <span class='ocrx_word' id='word_1_55' title='bbox 111 855 186 893; x_wconf 83' lang='lat' dir='ltr'><strong>arma</strong></span> <span class='ocrx_word' id='word_1_56' title='bbox 197 837 325 894; x_wconf 83' lang='lat' dir='ltr'><strong>Treveros</strong></span> <span class='ocrx_word' id='word_1_57' title='bbox 344 839 495 894; x_wconf 87' lang='lat' dir='ltr'><strong>retrahunt:</strong></span> <span class='ocrx_word' id='word_1_58' title='bbox 516 840 612 895; x_wconf 85' lang='lat' dir='ltr'><strong>occisis</strong></span> <span class='ocrx_word' id='word_1_59' title='bbox 626 841 799 896; x_wconf 84' lang='lat' dir='ltr'><strong>Herennioac</strong></span> <span class='ocrx_word' id='word_1_60' title='bbox 810 842 869 895; x_wconf 90' lang='lat' dir='ltr'><strong>Nu·</strong></span> 
     </span>
     <span class='ocr_line' id='line_1_10' title="bbox 62 912 868 987; baseline 0.004 -19"><span class='ocrx_word' id='word_1_61' title='bbox 62 914 154 979; x_wconf 73' lang='lat' dir='ltr'><strong>missio,</strong></span> <span class='ocrx_word' id='word_1_62' title='bbox 166 912 270 987; x_wconf 85' lang='lat' dir='ltr'><strong>legatis,</strong></span> <span class='ocrx_word' id='word_1_63' title='bbox 285 931 341 986; x_wconf 93' lang='lat' dir='ltr'><strong>quo</strong></span> <span class='ocrx_word' id='word_1_64' title='bbox 353 916 456 970; x_wconf 89' lang='lat' dir='ltr'><strong>minore</strong></span> <span class='ocrx_word' id='word_1_65' title='bbox 468 932 517 986; x_wconf 87' lang='lat' dir='ltr'><strong>spe</strong></span> <span class='ocrx_word' id='word_1_66' title='bbox 526 916 620 970; x_wconf 82' lang='lat' dir='ltr'><strong>veniae</strong></span> <span class='ocrx_word' id='word_1_67' title='bbox 634 924 762 971; x_wconf 86' lang='lat' dir='ltr'><strong>cresceret</strong></span> <span class='ocrx_word' id='word_1_68' title='bbox 771 916 868 971; x_wconf 82' lang='lat' dir='ltr'><strong>vincu-</strong></span> 
     </span>
     <span class='ocr_line' id='line_1_11' title="bbox 62 987 250 1044; baseline -0.005 -1"><span class='ocrx_word' id='word_1_69' title='bbox 62 988 121 1044; x_wconf 90' lang='lat' dir='ltr'><strong>lum</strong></span> <span class='ocrx_word' id='word_1_70' title='bbox 131 987 250 1042; x_wconf 82' lang='lat' dir='ltr'><strong>sceleris.</strong></span> 
     </span>
    </p>

    <p class='ocr_par' dir='ltr' id='par_1_3' title="bbox 57 1062 867 2785">
     <span class='ocr_line' id='line_1_12' title="bbox 117 1062 867 1128; baseline 0.005 -11"><span class='ocrx_word' id='word_1_71' title='bbox 117 1064 162 1118; x_wconf 67' lang='lat' dir='ltr'><strong>ll.</strong></span> <span class='ocrx_word' id='word_1_72' title='bbox 183 1063 233 1117; x_wconf 83' lang='lat' dir='ltr'><strong>liic</strong></span> <span class='ocrx_word' id='word_1_73' title='bbox 245 1062 308 1117; x_wconf 91' lang='lat' dir='ltr'><strong>belli</strong></span> <span class='ocrx_word' id='word_1_74' title='bbox 319 1070 403 1118; x_wconf 87' lang='lat' dir='ltr'><strong>status</strong></span> <span class='ocrx_word' id='word_1_75' title='bbox 412 1071 477 1128; x_wconf 84' lang='lat' dir='ltr'><strong>erat,</strong></span> <span class='ocrx_word' id='word_1_76' title='bbox 492 1081 555 1119; x_wconf 92' lang='lat' dir='ltr'><strong>cum</strong></span> <span class='ocrx_word' id='word_1_77' title='bbox 567 1065 677 1120; x_wconf 84' lang='lat' dir='ltr'><strong>Petilius</strong></span> <span class='ocrx_word' id='word_1_78' title='bbox 688 1064 799 1122; x_wconf 88' lang='lat' dir='ltr'><strong>Cerialis</strong></span> <span class='ocrx_word' id='word_1_79' title='bbox 808 1067 867 1121; x_wconf 88' lang='lat' dir='ltr'><strong>Ma-</strong></span> 
     </span>
     <span class='ocr_line' id='line_1_13' title="bbox 60 1138 866 1213; baseline 0.004 -20"><span class='ocrx_word' id='word_1_80' title='bbox 60 1138 216 1213; x_wconf 83' lang='lat' dir='ltr'><strong>gontiacum</strong></span> <span class='ocrx_word' id='word_1_81' title='bbox 235 1139 317 1192; x_wconf 89' lang='lat' dir='ltr'><strong>venit.</strong></span> <span class='ocrx_word' id='word_1_82' title='bbox 356 1138 424 1193; x_wconf 89' lang='lat' dir='ltr'><strong>Eius</strong></span> <span class='ocrx_word' id='word_1_83' title='bbox 443 1139 558 1193; x_wconf 87' lang='lat' dir='ltr'><strong>adventu</strong></span> <span class='ocrx_word' id='word_1_84' title='bbox 576 1149 676 1195; x_wconf 79' lang='lat' dir='ltr'><strong>erectae</strong></span> <span class='ocrx_word' id='word_1_85' title='bbox 694 1158 765 1213; x_wconf 87' lang='lat' dir='ltr'><strong>spes.</strong></span> <span class='ocrx_word' id='word_1_86' title='bbox 805 1142 866 1213; x_wconf 88' lang='lat' dir='ltr'><strong>ipse</strong></span> 
     </span>
     <span class='ocr_line' id='line_1_14' title="bbox 60 1213 867 1287; baseline 0.004 -20"><span class='ocrx_word' id='word_1_87' title='bbox 60 1229 171 1287; x_wconf 85' lang='lat' dir='ltr'><strong>pugnae</strong></span> <span class='ocrx_word' id='word_1_88' title='bbox 179 1213 276 1267; x_wconf 82' lang='lat' dir='ltr'><strong>avidus</strong></span> <span class='ocrx_word' id='word_1_89' title='bbox 285 1221 311 1268; x_wconf 90' lang='lat' dir='ltr'><strong>at</strong></span> <span class='ocrx_word' id='word_1_90' title='bbox 319 1214 529 1279; x_wconf 86' lang='lat' dir='ltr'><strong>contemnendis,</strong></span> <span class='ocrx_word' id='word_1_91' title='bbox 542 1231 624 1287; x_wconf 81' lang='lat' dir='ltr'><strong>quam</strong></span> <span class='ocrx_word' id='word_1_92' title='bbox 635 1216 770 1280; x_wconf 84' lang='lat' dir='ltr'><strong>cavendis,</strong></span> <span class='ocrx_word' id='word_1_93' title='bbox 781 1215 867 1271; x_wconf 91' lang='lat' dir='ltr'><strong>hosti-</strong></span> 
     </span>
     <span class='ocr_line' id='line_1_15' title="bbox 60 1286 865 1352; baseline 0.001 -8"><span class='ocrx_word' id='word_1_94' title='bbox 60 1288 115 1344; x_wconf 84' lang='lat' dir='ltr'><strong>bus</strong></span> <span class='ocrx_word' id='word_1_95' title='bbox 125 1287 230 1352; x_wconf 89' lang='lat' dir='ltr'><strong>melior,</strong></span> <span class='ocrx_word' id='word_1_96' title='bbox 240 1286 336 1343; x_wconf 86' lang='lat' dir='ltr'><strong>lerocia</strong></span> <span class='ocrx_word' id='word_1_97' title='bbox 347 1288 489 1344; x_wconf 82' lang='lat' dir='ltr'><strong>verborum</strong></span> <span class='ocrx_word' id='word_1_98' title='bbox 501 1288 613 1343; x_wconf 91' lang='lat' dir='ltr'><strong>militem</strong></span> <span class='ocrx_word' id='word_1_99' title='bbox 624 1290 795 1345; x_wconf 81' lang='lat' dir='ltr'><strong>incendebat:</strong></span> <span class='ocrx_word' id='word_1_100' title='bbox 817 1291 865 1345; x_wconf 90' lang='lat' dir='ltr'><strong>ubi</strong></span> 
     </span>
     <span class='ocr_line' id='line_1_16' title="bbox 60 1362 866 1436; baseline 0.001 -19"><span class='ocrx_word' id='word_1_101' title='bbox 60 1364 183 1436; x_wconf 90' lang='lat' dir='ltr'><strong>primum</strong></span> <span class='ocrx_word' id='word_1_102' title='bbox 196 1363 320 1436; x_wconf 77' lang='lat' dir='ltr'><strong>congredi</strong></span> <span class='ocrx_word' id='word_1_103' title='bbox 337 1362 466 1429; x_wconf 77' lang='lat' dir='ltr'><strong>licuisset,</strong></span> <span class='ocrx_word' id='word_1_104' title='bbox 488 1362 591 1418; x_wconf 91' lang='lat' dir='ltr'><strong>nullam</strong></span> <span class='ocrx_word' id='word_1_105' title='bbox 604 1364 704 1436; x_wconf 88' lang='lat' dir='ltr'><strong>proelio</strong></span> <span class='ocrx_word' id='word_1_106' title='bbox 713 1381 815 1420; x_wconf 90' lang='lat' dir='ltr'><strong>moram</strong></span> <span class='ocrx_word' id='word_1_107' title='bbox 826 1363 866 1419; x_wconf 84' lang='lat' dir='ltr'><strong>la-</strong></span> 
     </span>
     <span class='ocr_line' id='line_1_17' title="bbox 61 1437 866 1510; baseline 0 -16"><span class='ocrx_word' id='word_1_108' title='bbox 61 1448 164 1494; x_wconf 85' lang='lat' dir='ltr'><strong>oturus.</strong></span> <span class='ocrx_word' id='word_1_109' title='bbox 204 1437 326 1493; x_wconf 86' lang='lat' dir='ltr'><strong>Deiectus</strong></span> <span class='ocrx_word' id='word_1_110' title='bbox 340 1456 388 1510; x_wconf 91' lang='lat' dir='ltr'><strong>per</strong></span> <span class='ocrx_word' id='word_1_111' title='bbox 404 1437 519 1494; x_wconf 88' lang='lat' dir='ltr'><strong>Galliam</strong></span> <span class='ocrx_word' id='word_1_112' title='bbox 534 1438 638 1495; x_wconf 89' lang='lat' dir='ltr'><strong>habitos</strong></span> <span class='ocrx_word' id='word_1_113' title='bbox 651 1440 680 1495; x_wconf 93' lang='lat' dir='ltr'><strong>in</strong></span> <span class='ocrx_word' id='word_1_114' title='bbox 694 1441 814 1495; x_wconf 84' lang='lat' dir='ltr'><strong>civitates</strong></span> <span class='ocrx_word' id='word_1_115' title='bbox 822 1457 866 1495; x_wconf 88' lang='lat' dir='ltr'><strong>re-</strong></span> 
     </span>
     <span class='ocr_line' id='line_1_18' title="bbox 60 1513 863 1585; baseline 0.002 -16"><span class='ocrx_word' id='word_1_116' title='bbox 60 1513 158 1579; x_wconf 87' lang='lat' dir='ltr'><strong>mittit,</strong></span> <span class='ocrx_word' id='word_1_117' title='bbox 179 1530 211 1568; x_wconf 85' lang='lat' dir='ltr'><strong>ac</strong></span> <span class='ocrx_word' id='word_1_118' title='bbox 229 1516 352 1569; x_wconf 86' lang='lat' dir='ltr'><strong>nuntiare</strong></span> <span class='ocrx_word' id='word_1_119' title='bbox 368 1513 458 1581; x_wconf 88' lang='lat' dir='ltr'><strong>iubet,</strong></span> <span class='ocrx_word' id='word_1_120' title='bbox 480 1518 599 1585; x_wconf 70' lang='lat' dir='ltr'><strong>sulficere</strong></span> <span class='ocrx_word' id='word_1_121' title='bbox 619 1520 727 1583; x_wconf 81' lang='lat' dir='ltr'><strong>imperio</strong></span> <span class='ocrx_word' id='word_1_122' title='bbox 746 1519 863 1585; x_wconf 68' lang='lat' dir='ltr'><strong>legiones.</strong></span> 
     </span>
     <span class='ocr_line' id='line_1_19' title="bbox 61 1588 866 1660; baseline 0 -16"><span class='ocrx_word' id='word_1_123' title='bbox 61 1588 134 1644; x_wconf 83' lang='lat' dir='ltr'><strong>Sooit</strong></span> <span class='ocrx_word' id='word_1_124' title='bbox 143 1592 180 1643; x_wconf 88' lang='lat' dir='ltr'><strong>od</strong></span> <span class='ocrx_word' id='word_1_125' title='bbox 190 1595 280 1643; x_wconf 80' lang='lat' dir='ltr'><strong>munio</strong></span> <span class='ocrx_word' id='word_1_126' title='bbox 286 1593 363 1658; x_wconf 74' lang='lat' dir='ltr'><strong>pocla</strong></span> <span class='ocrx_word' id='word_1_127' title='bbox 372 1593 496 1653; x_wconf 79' lang='lat' dir='ltr'><strong>redirent,</strong></span> <span class='ocrx_word' id='word_1_128' title='bbox 502 1595 597 1652; x_wconf 79' lang='lat' dir='ltr'><strong>securi,</strong></span> <span class='ocrx_word' id='word_1_129' title='bbox 609 1593 678 1644; x_wconf 84' lang='lat' dir='ltr'><strong>velut</strong></span> <span class='ocrx_word' id='word_1_130' title='bbox 689 1596 802 1660; x_wconf 67' lang='lat' dir='ltr'><strong>consecto</strong></span> <span class='ocrx_word' id='word_1_131' title='bbox 812 1594 866 1644; x_wconf 82' lang='lat' dir='ltr'><strong>bel-</strong></span> 
     </span>
     <span class='ocr_line' id='line_1_20' title="bbox 61 1663 865 1733; baseline 0.004 -16"><span class='ocrx_word' id='word_1_132' title='bbox 61 1666 97 1729; x_wconf 83' lang='lat' dir='ltr'><strong>lo,</strong></span> <span class='ocrx_word' id='word_1_133' title='bbox 118 1668 188 1733; x_wconf 80' lang='lat' dir='ltr'><strong>quod</strong></span> <span class='ocrx_word' id='word_1_134' title='bbox 208 1664 339 1718; x_wconf 86' lang='lat' dir='ltr'><strong>Ilomooce</strong></span> <span class='ocrx_word' id='word_1_135' title='bbox 357 1682 451 1719; x_wconf 76' lang='lat' dir='ltr'><strong>motem</strong></span> <span class='ocrx_word' id='word_1_136' title='bbox 468 1670 636 1732; x_wconf 76' lang='lat' dir='ltr'><strong>excepissent.</strong></span> <span class='ocrx_word' id='word_1_137' title='bbox 675 1663 758 1720; x_wconf 78' lang='lat' dir='ltr'><strong>duxit</strong></span> <span class='ocrx_word' id='word_1_138' title='bbox 776 1682 806 1720; x_wconf 87' lang='lat' dir='ltr'><strong>ea</strong></span> <span class='ocrx_word' id='word_1_139' title='bbox 822 1682 865 1720; x_wconf 90' lang='lat' dir='ltr'><strong>res</strong></span> 
     </span>
     <span class='ocr_line' id='line_1_21' title="bbox 60 1737 865 1811; baseline 0 -16"><span class='ocrx_word' id='word_1_140' title='bbox 60 1737 201 1795; x_wconf 76' lang='lat' dir='ltr'><strong>Gallorum</strong></span> <span class='ocrx_word' id='word_1_141' title='bbox 215 1738 387 1811; x_wconf 86' lang='lat' dir='ltr'><strong>obsequium.</strong></span> <span class='ocrx_word' id='word_1_142' title='bbox 426 1739 505 1804; x_wconf 91' lang='lat' dir='ltr'><strong>Nam,</strong></span> <span class='ocrx_word' id='word_1_143' title='bbox 521 1748 624 1810; x_wconf 85' lang='lat' dir='ltr'><strong>recepta</strong></span> <span class='ocrx_word' id='word_1_144' title='bbox 636 1740 783 1806; x_wconf 82' lang='lat' dir='ltr'><strong>iuventute,</strong></span> <span class='ocrx_word' id='word_1_145' title='bbox 800 1739 865 1795; x_wconf 91' lang='lat' dir='ltr'><strong>laci·</strong></span> 
     </span>
     <span class='ocr_line' id='line_1_22' title="bbox 60 1812 864 1888; baseline 0.001 -20"><span class='ocrx_word' id='word_1_146' title='bbox 60 1812 117 1869; x_wconf 87' lang='lat' dir='ltr'><strong>lius</strong></span> <span class='ocrx_word' id='word_1_147' title='bbox 126 1814 226 1868; x_wconf 88' lang='lat' dir='ltr'><strong>tributa</strong></span> <span class='ocrx_word' id='word_1_148' title='bbox 239 1813 392 1878; x_wconf 82' lang='lat' dir='ltr'><strong>toleravere,</strong></span> <span class='ocrx_word' id='word_1_149' title='bbox 405 1815 543 1885; x_wconf 88' lang='lat' dir='ltr'><strong>proniores</strong></span> <span class='ocrx_word' id='word_1_150' title='bbox 553 1814 587 1868; x_wconf 90' lang='lat' dir='ltr'><strong>ad</strong></span> <span class='ocrx_word' id='word_1_151' title='bbox 595 1813 692 1879; x_wconf 81' lang='lat' dir='ltr'><strong>officia,</strong></span> <span class='ocrx_word' id='word_1_152' title='bbox 704 1814 777 1888; x_wconf 90' lang='lat' dir='ltr'><strong>quod</strong></span> <span class='ocrx_word' id='word_1_153' title='bbox 788 1833 864 1886; x_wconf 88' lang='lat' dir='ltr'><strong>sper-</strong></span> 
     </span>
     <span class='ocr_line' id='line_1_23' title="bbox 60 1887 865 1961; baseline 0.001 -18"><span class='ocrx_word' id='word_1_154' title='bbox 60 1888 203 1943; x_wconf 83' lang='lat' dir='ltr'><strong>nebantur.</strong></span> <span class='ocrx_word' id='word_1_155' title='bbox 242 1887 277 1943; x_wconf 79' lang='lat' dir='ltr'><strong>m</strong></span> <span class='ocrx_word' id='word_1_156' title='bbox 291 1888 387 1943; x_wconf 85' lang='lat' dir='ltr'><strong>Civilis</strong></span> <span class='ocrx_word' id='word_1_157' title='bbox 401 1897 427 1943; x_wconf 88' lang='lat' dir='ltr'><strong>et</strong></span> <span class='ocrx_word' id='word_1_158' title='bbox 440 1888 585 1954; x_wconf 84' lang='lat' dir='ltr'><strong>Classicus,</strong></span> <span class='ocrx_word' id='word_1_159' title='bbox 600 1889 648 1944; x_wconf 88' lang='lat' dir='ltr'><strong>ubi</strong></span> <span class='ocrx_word' id='word_1_160' title='bbox 660 1889 772 1961; x_wconf 87' lang='lat' dir='ltr'><strong>pulsum</strong></span> <span class='ocrx_word' id='word_1_161' title='bbox 783 1889 865 1944; x_wconf 88' lang='lat' dir='ltr'><strong>Tuto-</strong></span> 
     </span>
     <span class='ocr_line' id='line_1_24' title="bbox 60 1963 862 2036; baseline 0.001 -20"><span class='ocrx_word' id='word_1_162' title='bbox 60 1980 132 2027; x_wconf 86' lang='lat' dir='ltr'><strong>rem,</strong></span> <span class='ocrx_word' id='word_1_163' title='bbox 146 1978 235 2018; x_wconf 80' lang='lat' dir='ltr'><strong>enema</strong></span> <span class='ocrx_word' id='word_1_164' title='bbox 248 1964 386 2028; x_wconf 87' lang='lat' dir='ltr'><strong>Treveros,</strong></span> <span class='ocrx_word' id='word_1_165' title='bbox 402 1971 496 2020; x_wconf 85' lang='lat' dir='ltr'><strong>cuncta</strong></span> <span class='ocrx_word' id='word_1_166' title='bbox 512 1963 634 2019; x_wconf 84' lang='lat' dir='ltr'><strong>hostibus</strong></span> <span class='ocrx_word' id='word_1_167' title='bbox 648 1981 774 2036; x_wconf 86' lang='lat' dir='ltr'><strong>prospera</strong></span> <span class='ocrx_word' id='word_1_168' title='bbox 790 1980 862 2017; x_wconf 89' lang='lat' dir='ltr'><strong>acce·</strong></span> 
     </span>
     <span class='ocr_line' id='line_1_25' title="bbox 59 2038 862 2111; baseline -0.002 -19"><span class='ocrx_word' id='word_1_169' title='bbox 59 2052 136 2110; x_wconf 87' lang='lat' dir='ltr'><strong>pere,</strong></span> <span class='ocrx_word' id='word_1_170' title='bbox 156 2038 248 2110; x_wconf 79' lang='lat' dir='ltr'><strong>trepidi</strong></span> <span class='ocrx_word' id='word_1_171' title='bbox 269 2055 300 2093; x_wconf 87' lang='lat' dir='ltr'><strong>ac</strong></span> <span class='ocrx_word' id='word_1_172' title='bbox 318 2047 499 2111; x_wconf 88' lang='lat' dir='ltr'><strong>properantes,</strong></span> <span class='ocrx_word' id='word_1_173' title='bbox 520 2039 585 2093; x_wconf 92' lang='lat' dir='ltr'><strong>dum</strong></span> <span class='ocrx_word' id='word_1_174' title='bbox 601 2039 736 2110; x_wconf 86' lang='lat' dir='ltr'><strong>dispersas</strong></span> <span class='ocrx_word' id='word_1_175' title='bbox 750 2054 862 2091; x_wconf 90' lang='lat' dir='ltr'><strong>suorum</strong></span> 
     </span>
     <span class='ocr_line' id='line_1_26' title="bbox 60 2112 863 2184; baseline -0.005 -16"><span class='ocrx_word' id='word_1_176' title='bbox 60 2113 153 2184; x_wconf 81' lang='lat' dir='ltr'><strong>copias</strong></span> <span class='ocrx_word' id='word_1_177' title='bbox 165 2112 327 2178; x_wconf 81' lang='lat' dir='ltr'><strong>conducunt,</strong></span> <span class='ocrx_word' id='word_1_178' title='bbox 339 2113 439 2168; x_wconf 85' lang='lat' dir='ltr'><strong>crebris</strong></span> <span class='ocrx_word' id='word_1_179' title='bbox 453 2114 559 2168; x_wconf 89' lang='lat' dir='ltr'><strong>interim</strong></span> <span class='ocrx_word' id='word_1_180' title='bbox 575 2116 677 2168; x_wconf 88' lang='lat' dir='ltr'><strong>nuntiis</strong></span> <span class='ocrx_word' id='word_1_181' title='bbox 690 2112 863 2169; x_wconf 88' lang='lat' dir='ltr'><strong>Valentinum</strong></span> 
     </span>
     <span class='ocr_line' id='line_1_27' title="bbox 61 2186 864 2260; baseline -0.004 -18"><span class='ocrx_word' id='word_1_182' title='bbox 61 2204 198 2251; x_wconf 77' lang='lat' dir='ltr'><strong>monum-e,</strong></span> <span class='ocrx_word' id='word_1_183' title='bbox 210 2206 245 2242; x_wconf 90' lang='lat' dir='ltr'><strong>ne</strong></span> <span class='ocrx_word' id='word_1_184' title='bbox 254 2205 378 2243; x_wconf 88' lang='lat' dir='ltr'><strong>summae</strong></span> <span class='ocrx_word' id='word_1_185' title='bbox 390 2191 428 2242; x_wconf 91' lang='lat' dir='ltr'><strong>rei</strong></span> <span class='ocrx_word' id='word_1_186' title='bbox 439 2189 589 2260; x_wconf 91' lang='lat' dir='ltr'><strong>periculum</strong></span> <span class='ocrx_word' id='word_1_187' title='bbox 600 2189 702 2243; x_wconf 88' lang='lat' dir='ltr'><strong>laceret.</strong></span> <span class='ocrx_word' id='word_1_188' title='bbox 742 2186 782 2241; x_wconf 88' lang='lat' dir='ltr'><strong>Eo</strong></span> <span class='ocrx_word' id='word_1_189' title='bbox 792 2186 864 2255; x_wconf 88' lang='lat' dir='ltr'><strong>rapi-</strong></span> 
     </span>
     <span class='ocr_line' id='line_1_28' title="bbox 59 2260 863 2332; baseline -0.004 -15"><span class='ocrx_word' id='word_1_190' title='bbox 59 2263 122 2317; x_wconf 90' lang='lat' dir='ltr'><strong>dius</strong></span> <span class='ocrx_word' id='word_1_191' title='bbox 142 2261 263 2327; x_wconf 83' lang='lat' dir='ltr'><strong>Cerialis,</strong></span> <span class='ocrx_word' id='word_1_192' title='bbox 285 2265 377 2319; x_wconf 88' lang='lat' dir='ltr'><strong>missis</strong></span> <span class='ocrx_word' id='word_1_193' title='bbox 395 2265 424 2318; x_wconf 90' lang='lat' dir='ltr'><strong>in</strong></span> <span class='ocrx_word' id='word_1_194' title='bbox 441 2263 662 2328; x_wconf 86' lang='lat' dir='ltr'><strong>Mediomatricos,</strong></span> <span class='ocrx_word' id='word_1_195' title='bbox 682 2261 729 2332; x_wconf 88' lang='lat' dir='ltr'><strong>qui</strong></span> <span class='ocrx_word' id='word_1_196' title='bbox 741 2260 863 2315; x_wconf 86' lang='lat' dir='ltr'><strong>breviore</strong></span> 
     </span>
     <span class='ocr_line' id='line_1_29' title="bbox 59 2334 862 2411; baseline -0.005 -18"><span class='ocrx_word' id='word_1_197' title='bbox 59 2338 154 2393; x_wconf 88' lang='lat' dir='ltr'><strong>itinere</strong></span> <span class='ocrx_word' id='word_1_198' title='bbox 173 2337 292 2411; x_wconf 76' lang='lat' dir='ltr'><strong>legiones</strong></span> <span class='ocrx_word' id='word_1_199' title='bbox 310 2339 339 2393; x_wconf 93' lang='lat' dir='ltr'><strong>in</strong></span> <span class='ocrx_word' id='word_1_200' title='bbox 353 2339 455 2401; x_wconf 84' lang='lat' dir='ltr'><strong>hostem</strong></span> <span class='ocrx_word' id='word_1_201' title='bbox 466 2346 606 2402; x_wconf 84' lang='lat' dir='ltr'><strong>verterent,</strong></span> <span class='ocrx_word' id='word_1_202' title='bbox 627 2345 767 2400; x_wconf 88' lang='lat' dir='ltr'><strong>contracto,</strong></span> <span class='ocrx_word' id='word_1_203' title='bbox 789 2334 862 2405; x_wconf 92' lang='lat' dir='ltr'><strong>quod</strong></span> 
     </span>
     <span class='ocr_line' id='line_1_30' title="bbox 59 2411 862 2486; baseline -0.004 -20"><span class='ocrx_word' id='word_1_204' title='bbox 59 2420 115 2467; x_wconf 87' lang='lat' dir='ltr'><strong>crat</strong></span> <span class='ocrx_word' id='word_1_205' title='bbox 128 2411 247 2467; x_wconf 85' lang='lat' dir='ltr'><strong>militum</strong></span> <span class='ocrx_word' id='word_1_206' title='bbox 262 2414 429 2486; x_wconf 79' lang='lat' dir='ltr'><strong>Mogontiaci,</strong></span> <span class='ocrx_word' id='word_1_207' title='bbox 443 2420 630 2484; x_wconf 88' lang='lat' dir='ltr'><strong>quantumquo</strong></span> <span class='ocrx_word' id='word_1_208' title='bbox 640 2428 730 2465; x_wconf 90' lang='lat' dir='ltr'><strong>secum</strong></span> <span class='ocrx_word' id='word_1_209' title='bbox 743 2419 862 2464; x_wconf 89' lang='lat' dir='ltr'><strong>transve-</strong></span> 
     </span>
     <span class='ocr_line' id='line_1_31' title="bbox 58 2484 861 2560; baseline -0.006 -17"><span class='ocrx_word' id='word_1_210' title='bbox 58 2494 143 2552; x_wconf 85' lang='lat' dir='ltr'><strong>xerat,</strong></span> <span class='ocrx_word' id='word_1_211' title='bbox 164 2489 249 2542; x_wconf 84' lang='lat' dir='ltr'><strong>tcrtiis</strong></span> <span class='ocrx_word' id='word_1_212' title='bbox 268 2489 361 2542; x_wconf 86' lang='lat' dir='ltr'><strong>castris</strong></span> <span class='ocrx_word' id='word_1_213' title='bbox 381 2486 544 2560; x_wconf 83' lang='lat' dir='ltr'><strong>Rigodulum</strong></span> <span class='ocrx_word' id='word_1_214' title='bbox 563 2488 649 2553; x_wconf 87' lang='lat' dir='ltr'><strong>vonit;</strong></span> <span class='ocrx_word' id='word_1_215' title='bbox 671 2502 753 2556; x_wconf 87' lang='lat' dir='ltr'><strong>quem</strong></span> <span class='ocrx_word' id='word_1_216' title='bbox 774 2484 861 2540; x_wconf 89' lang='lat' dir='ltr'><strong>lucum</strong></span> 
     </span>
     <span class='ocr_line' id='line_1_32' title="bbox 58 2559 863 2636; baseline -0.005 -19"><span class='ocrx_word' id='word_1_217' title='bbox 58 2580 156 2636; x_wconf 85' lang='lat' dir='ltr'><strong>magna</strong></span> <span class='ocrx_word' id='word_1_218' title='bbox 168 2563 342 2617; x_wconf 83' lang='lat' dir='ltr'><strong>Treverorum</strong></span> <span class='ocrx_word' id='word_1_219' title='bbox 354 2580 435 2617; x_wconf 88' lang='lat' dir='ltr'><strong>manu</strong></span> <span class='ocrx_word' id='word_1_220' title='bbox 445 2561 604 2635; x_wconf 73' lang='lat' dir='ltr'><strong>Valentinus</strong></span> <span class='ocrx_word' id='word_1_221' title='bbox 613 2559 753 2625; x_wconf 88' lang='lat' dir='ltr'><strong>insederat,</strong></span> <span class='ocrx_word' id='word_1_222' title='bbox 763 2561 863 2614; x_wconf 90' lang='lat' dir='ltr'><strong>monti-</strong></span> 
     </span>
     <span class='ocr_line' id='line_1_33' title="bbox 57 2634 863 2708; baseline 0 -17"><span class='ocrx_word' id='word_1_223' title='bbox 57 2636 112 2691; x_wconf 90' lang='lat' dir='ltr'><strong>bus</strong></span> <span class='ocrx_word' id='word_1_224' title='bbox 130 2643 178 2689; x_wconf 90' lang='lat' dir='ltr'><strong>aut</strong></span> <span class='ocrx_word' id='word_1_225' title='bbox 195 2636 304 2692; x_wconf 85' lang='lat' dir='ltr'><strong>Mosella</strong></span> <span class='ocrx_word' id='word_1_226' title='bbox 323 2654 402 2691; x_wconf 88' lang='lat' dir='ltr'><strong>amne</strong></span> <span class='ocrx_word' id='word_1_227' title='bbox 419 2645 535 2708; x_wconf 87' lang='lat' dir='ltr'><strong>septum.</strong></span> <span class='ocrx_word' id='word_1_228' title='bbox 575 2637 609 2689; x_wconf 87' lang='lat' dir='ltr'><strong>Et</strong></span> <span class='ocrx_word' id='word_1_229' title='bbox 628 2634 763 2690; x_wconf 87' lang='lat' dir='ltr'><strong>addiderat</strong></span> <span class='ocrx_word' id='word_1_230' title='bbox 778 2634 863 2691; x_wconf 81' lang='lat' dir='ltr'><strong>fossas</strong></span> 
     </span>
     <span class='ocr_line' id='line_1_34' title="bbox 57 2710 866 2785; baseline -0.001 -19"><span class='ocrx_word' id='word_1_231' title='bbox 57 2710 206 2785; x_wconf 81' lang='lat' dir='ltr'><strong>obicesque</strong></span> <span class='ocrx_word' id='word_1_232' title='bbox 223 2728 361 2767; x_wconf 82' lang='lat' dir='ltr'><strong>saxorum.</strong></span> <span class='ocrx_word' id='word_1_233' title='bbox 402 2712 459 2765; x_wconf 88' lang='lat' dir='ltr'><strong>Nec</strong></span> <span class='ocrx_word' id='word_1_234' title='bbox 476 2710 627 2765; x_wconf 86' lang='lat' dir='ltr'><strong>deterruere</strong></span> <span class='ocrx_word' id='word_1_235' title='bbox 645 2726 676 2765; x_wconf 90' lang='lat' dir='ltr'><strong>aa</strong></span> <span class='ocrx_word' id='word_1_236' title='bbox 696 2712 866 2767; x_wconf 82' lang='lat' dir='ltr'><strong>munimenta</strong></span> 
     </span>
    </p>
   </div>
   <div class='ocr_carea' id='block_1_3' title="bbox 0 0 980 3016">
    <p class='ocr_par' dir='ltr' id='par_1_4' title="bbox 0 0 980 3016">
     <span class='ocr_line' id='line_1_35' title="bbox 0 0 980 3016; baseline 0 1"><span class='ocrx_word' id='word_1_237' title='bbox 0 0 980 3016; x_wconf 95' lang='lat' dir='ltr'><strong> </strong></span> 
     </span>
    </p>
   </div>
  </div>
 </body>
</html>
