1950 3016
78 157 129 215 tut
243 162 275 210 o
296 158 708 210 consumpseramus

78 282 119 329 ao,
129 265 154 319 si
164 280 207 319 raa
216 270 318 336 poseat,
333 262 479 331 exercitum
499 262 649 334 plurimum
663 263 785 320 virorum
796 278 876 339 equo-

77 356 208 410 rumque:
229 337 464 410 acquiescentibus
471 335 653 392 eademiama.

134 416 176 468 36.
202 413 233 468 la
251 413 332 467 iatare
349 413 518 467 Chaucorum
540 411 731 485 Cattorumque
749 413 876 469 Cherusci

78 487 190 543 nimiam
210 505 241 542 ac
260 495 421 542 marcentem
440 487 487 542 diu
504 503 597 558 paoem
616 488 763 543 inlacessiti
778 490 877 544 numio-

77 571 154 618 runt:
176 562 258 635 idque
268 561 424 626 iucundius,
447 579 529 634 quam
540 563 634 628 tritius,
655 561 716 628 iuit,
736 563 802 634 quia
812 566 877 619 into

77 637 226 711 inpotentes
241 636 379 693 etvaiidos
394 635 606 708 falsoquiescas;
627 636 769 693 ubimanu
779 641 875 712 agitur,

77 712 205 768 modestia
216 729 246 766 ac
255 707 372 784 probitas
383 710 491 766 nomina
501 712 648 783 superioris
657 718 731 767 sunt.
771 713 820 778 ita,
831 712 876 786 qui

76 786 141 843 oiim
152 787 215 842 boni
225 786 359 859 aequique
370 785 508 850 Cherusci,
516 803 589 841 nuno
598 787 696 841 inertes
705 774 823 843 aobtnlti
834 805 877 844 vo-

77 870 184 917 cantur:
206 861 288 916 Cattis
307 861 450 916 victoribus
467 859 569 916 fortuna
579 860 608 915 in
618 863 778 932 sapientiam
788 863 875 918 cessit.

76 934 164 991 Tracti
183 938 262 991 ruina
282 935 477 990 Cheruscorum
493 942 518 990 et
529 934 601 1000 Fosi,
622 939 787 992 contermina
800 954 875 1010 gens,

77 1010 249 1065 advorsarum
260 1027 351 1065 rerum
359 1027 392 1065 ex
402 1026 486 1083 aequo
495 1009 570 1076 socii,
577 1027 639 1065 cum
650 1011 679 1066 in
689 1010 818 1067 secundis
827 1013 877 1067 mi-

77 1100 154 1140 nores
167 1083 289 1139 fuissent.

132 1160 174 1213 37.
204 1158 328 1214 Eundem
349 1157 508 1214 Germaniae
526 1157 618 1214 sinum
636 1158 755 1231 proximi
774 1159 877 1217 Oceano

75 1232 180 1289 Cimbri
195 1241 293 1300 tenent,
314 1250 397 1306 parva
410 1250 482 1288 nunc
492 1234 596 1299 civitas,
617 1232 663 1288 sed
671 1233 875 1310 gioriaingens:

78 1310 228 1382 veterisque
238 1307 324 1363 famae
333 1308 385 1363 iata
395 1309 507 1383 vestigia
517 1315 634 1374 manent,
642 1312 755 1382 utraque
766 1312 825 1383 ripa
835 1328 878 1365 ca·

77 1391 131 1440 stra
144 1402 175 1439 ac
189 1385 284 1456 spatia,
305 1400 421 1456 quorum
436 1384 538 1439 ambitu
553 1401 626 1438 nuno
638 1401 747 1456 quoque
759 1386 877 1440 metiaris

76 1459 175 1514 moiom
189 1476 340 1531 manusque
352 1458 451 1533 gentis,
472 1466 497 1512 et
509 1465 562 1512 tam
578 1459 669 1532 magni
683 1460 772 1514 exitus
785 1460 874 1515 fidem.

76 1532 306 1590 Sexcentesimum
316 1542 341 1588 et
351 1532 587 1606 quadragesimum
599 1551 701 1588 anuum
712 1534 778 1589 urbs
790 1544 876 1590 nostra

76 1610 179 1683 agebat,
200 1626 263 1665 cum
282 1610 402 1679 primum
413 1606 583 1663 Cimbrorum
602 1608 691 1662 audita
710 1616 775 1663 sunt
791 1627 875 1675 arma,

76 1683 190 1739 Caecilio
208 1682 312 1738 Metello
326 1700 356 1736 ac
370 1682 474 1753 Papirio
491 1678 610 1737 Carbone
624 1700 692 1737 coss.
732 1682 775 1738 Ex
787 1702 844 1756 quo
853 1684 877 1738 si

76 1758 111 1812 ad
128 1758 240 1811 aiterum
261 1758 427 1828 imperatoris
442 1757 548 1811 Traiani
562 1757 729 1812 consulatum
740 1770 878 1830 compute-

76 1848 148 1894 mus,
162 1831 269 1885 ducenti
282 1830 365 1885 ferma
374 1832 498 1886 etdeoem
509 1832 573 1886 anni
582 1831 762 1906 conliguntur.
798 1832 877 1888 Tam-

75 1906 123 1961 diu
139 1905 282 1961 Germania
296 1906 421 1961 vincitur.
461 1906 549 1961 Medio
563 1914 618 1961 tam
631 1905 704 1980 longi
718 1909 778 1962 aovi
791 1906 877 1980 spatio

75 1979 160 2036 multa
175 1981 291 2036 invicem
305 1980 412 2035 damna.
452 1981 510 2035 Non
524 1980 642 2047 Samnis,
657 2000 710 2037 noa
721 1983 812 2048 Poeni,
823 2000 877 2039 nort

74 2057 219 2127 Hispaniae
233 2054 377 2120 Galliaeve,
393 2073 426 2109 na
440 2055 529 2110 Parthi
542 2057 653 2127 quidam
667 2059 775 2128 saepius
785 2058 878 2114 admo-

75 2148 167 2186 nuere.
206 2128 313 2202 Quippe
327 2147 408 2202 regno
422 2130 529 2184 arsacis
538 2132 622 2185 acrior
631 2141 671 2185 est
680 2132 876 2189 Germanorum

75 2205 193 2260 libertas.
220 2204 292 2271 Quid
302 2205 373 2259 enim
385 2205 459 2260 aiiud
468 2205 555 2270 nobis,
566 2223 649 2276 quam
659 2207 765 2261 caulem
774 2207 875 2274 Crassi,

75 2283 175 2336 amisso
185 2288 210 2334 et
220 2281 279 2351 ipso
289 2282 394 2345 Pacoro,
408 2279 478 2334 inira
487 2280 642 2335 Ventidium
653 2281 770 2336 ducatus
779 2281 877 2338 Oriens

74 2353 217 2410 obiecerit?
236 2356 270 2410 ht
280 2355 407 2410 Germani
418 2353 537 2410 Carbone
546 2364 572 2410 et
581 2355 672 2410 Cassio
681 2365 707 2410 et
716 2355 877 2413 Scaurohu-

79 2428 295 2487 relicatServiiio
306 2428 447 2501 Caepione,
462 2429 512 2485 Cn.
526 2446 635 2502 quoque
644 2430 743 2486 Manlio
753 2431 823 2487 fusis
836 2432 875 2488 vei

75 2507 169 2575 captis,
180 2507 303 2577 quiaque
313 2504 396 2560 simul
409 2503 561 2560 consulares
574 2507 706 2560 exereitus
715 2507 815 2578 populo
826 2508 877 2563 Ro·

75 2597 164 2644 mano,
180 2580 281 2635 Varum
296 2589 404 2653 tresque
419 2596 483 2634 cum
497 2597 528 2633 eo
542 2578 659 2652 legiones
676 2583 755 2636 mam
770 2581 876 2638 Caesari

75 2653 251 2710 abstulerunt
291 2655 346 2711 Nec
355 2657 456 2727 inpune
467 2653 496 2710 C.
507 2654 608 2711 Marius
617 2658 646 2711 in
656 2655 740 2724 ltalia,
751 2656 875 2713 d.1uiiut
