1950 3016
104 210 152 261 tac
342 208 668 257 ursrouranun
763 199 895 273 (noma.

103 329 176 377 voce,
190 311 319 375 lacrimis,
337 309 546 365 misericordiam
556 309 663 377 elicerc3
684 307 776 382 largus
785 308 899 380 promis·

102 390 150 451 sis,
161 394 197 451 ct,
206 404 277 458 quae
286 393 379 440 natura
388 385 578 456 trepidantium
588 392 638 449 est,
648 384 810 438 inmodicus.
827 383 898 450 Quin

102 470 128 516 et
139 461 274 516 Caesarem
284 479 315 515 sc
323 461 376 515 dici
387 460 480 525 voluit,
495 468 652 530 aspernatus
659 468 750 513 antea:
767 459 816 512 sed
824 466 896 523 tunc,

102 536 289 607 superstitione
298 536 531 606 nominis,etquia
541 536 570 587 in
580 542 653 588 metu
663 532 900 604 oonsiliaprudeu·

102 613 169 666 tium
190 619 216 665 et
233 610 309 685 tulom‘
328 628 420 665 rumor
437 611 512 663 iuxta
530 609 685 664 audiuntur.
724 608 900 673 Ceterum,ut

102 688 190 741 omnia
204 685 348 740 inconsulti
362 687 469 755 inpetus
481 692 582 754 coepta,
602 685 687 738 initiis
696 683 795 748 valida,
815 682 900 754 spatio

103 760 292 834 languescunt,
315 759 398 813 dilabi
419 758 558 830 paullatim
578 768 711 813 senatores
729 760 898 830 equitesque,

102 838 190 907 primo
199 842 360 898 cunctanter,
371 841 399 888 et
413 834 461 888 ubi
472 836 530 905 ipse
539 850 591 888 non
601 833 699 897 aderat,
710 850 773 886 mox
784 841 901 887 oontem-

102 912 169 981 ptim
184 918 211 962 et
224 910 283 963 sine
296 909 464 975 discrimine;
486 909 569 962 donec
580 907 702 962 Vitellius
716 907 818 977 pudore
826 904 900 961 inriti

102 991 221 1046 conatus,
232 999 302 1053 quae
310 1000 363 1036 non
374 982 514 1046 dabantur,
526 982 638 1035 remisit.

156 1059 199 1110 59.
220 1057 254 1109 llt
268 1064 391 1110 terrorem
408 1056 497 1110 ltaliae
511 1072 633 1127 possessa
648 1055 769 1109 Mevania
783 1070 815 1108 ac
826 1053 902 1108 velut

101 1138 223 1184 renatum
233 1146 267 1183 ex
275 1132 378 1202 integro
387 1129 488 1183 bellum
498 1131 636 1185 intulerat:
657 1129 777 1183 itabaud
785 1129 900 1182 dubium

102 1222 163 1278 erga
173 1203 314 1259 Flavianas
324 1213 412 1275 partes
422 1205 541 1259 studium
553 1214 606 1258 tam
616 1202 835 1274 pavidusl'itellii
845 1202 902 1257 dis·-

102 1296 194 1334 oessus
208 1279 318 1333 addidit.
344 1279 454 1333 Erectus
467 1278 574 1334 Samnis
584 1279 774 1351 Pelignusqne,
785 1277 901 1331 etblarsi

103 1354 288 1418 aemulatione,
303 1353 377 1425 quod
391 1353 535 1424 Campania
549 1354 738 1424 praevenisset,
753 1353 822 1407 utin
833 1368 903 1407 novo

102 1430 240 1501 obsequio,
255 1429 287 1483 ad
298 1437 391 1482 cuncta
402 1428 465 1482 belli
477 1428 570 1482 munia
580 1445 653 1482 acres
663 1435 746 1481 erant.
785 1426 839 1480 Sed
849 1425 903 1480 loe-

102 1505 134 1558 da
151 1505 240 1558 bieme
255 1521 302 1575 per
317 1504 456 1557 transitum
471 1502 604 1575 Apennini
623 1500 786 1557 oonllictatus
801 1502 903 1555 exerci-

102 1587 155 1642 tus,
175 1587 201 1631 et
215 1580 261 1631 vix
276 1580 367 1648 quieto
380 1578 488 1649 agmine
503 1579 578 1632 nives
596 1576 784 1640 eluctantibus,
804 1576 900 1646 patuit,

102 1660 233 1722 qnantum
244 1651 409 1705 discriminis
419 1651 571 1705 adeundum
584 1651 658 1716 leret,
673 1653 701 1704 ni
713 1649 851 1703 Vitellium
860 1664 903 1702 rc-

102 1731 142 1778 tro
153 1723 256 1778 lortuna
271 1726 407 1778 vertisset:
428 1743 497 1797 quae
511 1726 647 1779 Flavianis
656 1725 772 1779 ducibus
785 1741 839 1778 non
851 1724 903 1778 mi-

102 1814 154 1851 nus
164 1814 252 1868 saepe,
266 1815 349 1869 quam
359 1800 433 1863 ratio,
449 1799 542 1853 adluit.
582 1799 699 1854 Obvium
710 1799 766 1853 illic
776 1800 902 1853 Petilium

102 1870 230 1926 Cerialem
246 1872 372 1936 babuore,
389 1875 484 1944 agresti
499 1873 572 1927 cultu
588 1883 614 1927 et
624 1875 713 1929 notitia
725 1873 843 1927 locorum
853 1890 903 1928 cu-

101 1944 199 1999 stodias
215 1946 314 2000 Vitellii
328 1944 460 2016 elapsum.
500 1948 651 2020 Propinqua
671 1948 794 2001 adfinitas
804 1946 902 2003 Ceriali

101 2037 163 2074 cum
183 2021 354 2091 Vespasiano,
377 2037 425 2074 nec
445 2023 501 2092 ipsc
521 2021 652 2094 inglorius
665 2022 790 2077 militiae:
816 2038 903 2094 eoque

101 2095 170 2149 inter
184 2094 266 2149 duces
281 2095 439 2165 adsumptus
450 2102 497 2149 cst.
538 2097 630 2152 Flavio
643 2114 752 2169 quoque
761 2095 862 2151 Sabino
871 2112 902 2151 ao

102 2170 250 2224 Domitiano
259 2171 378 2240 patuisse
388 2169 527 2242 effugium,
540 2171 617 2226 multi
628 2172 771 2239 tradidere,
788 2179 814 2225 et
822 2171 900 2225 missi

102 2243 135 2296 ab
145 2243 259 2299 Antonio
268 2244 353 2298 nuntii
366 2261 413 2314 per
423 2246 510 2300 varias
520 2245 626 2300 lallendi
636 2254 706 2299 artes
715 2246 899 2316 penetrabant,

103 2316 189 2371 locum
200 2334 230 2373 ac
239 2318 401 2389 praesidium
412 2329 597 2375 monstrantes.
626 2319 742 2374 Sabinus
752 2320 900 2374 inhabilem

102 2390 185 2448 labori
195 2401 219 2447 et
230 2392 355 2447 audaciae
364 2393 542 2448 valetudinem
553 2396 738 2450 canssabatur:
751 2396 901 2450 Domitiano

101 2465 190 2519 aderat
206 2469 327 2535 animus3
349 2467 396 2521 sed
410 2469 531 2523 custodes
545 2486 559 2522 a
573 2468 679 2523 Vitellio
693 2469 784 2532 additi,
802 2487 901 2540 quam-

101 2557 183 2611 quam
194 2558 223 2594 se
236 2543 321 2596 socios
332 2541 409 2614 fugae
419 2544 609 2612 promitterent,
621 2551 757 2614 tamquam
768 2544 902 2598 insidian-

93 2615 320 2673 tcstimabantur.
348 2617 437 2691 Atque
445 2616 903 2688 ipseVitellius,respsctusuarum

79 2692 340 2763 necessitudinum,
351 2693 425 2752 nibil
434 2694 470 2750 in
475 2692 669 2750 bomiliuuum
676 2688 886 2752 aucupum.

21 2774 48 2808 h
