1950 3016
127 198 235 251 ta·
364 200 683 248 uraroaranuu
783 189 921 265 (anau.

127 302 165 358 do
179 302 277 366 atatim,
293 302 405 357 inmiaea
417 301 524 357 cohorte
532 301 675 365 Thracum,
686 298 849 371 depulsi-et,
859 317 922 357 oon·

127 376 287 432 sectantibus
302 377 443 432 Germania
462 376 631 448 Rhaetiaque,
646 392 693 447 per
707 375 791 430 eilraa
803 377 921 448 atquein

126 453 195 524 ipsis
206 451 312 506 latebris
323 452 453 506 trucidati.
494 450 576 506 Multa
589 451 730 506 bominum
739 450 825 506 millia
834 468 920 517 caeea,

127 526 209 582 multa
221 526 273 580 sub
282 544 375 582 corona
385 526 543 581 venundata.
582 526 716 597 Cumque,
729 525 826 580 dirutis
834 527 922 581 omui-

126 603 188 666 bua,
205 600 372 667 Aventicum,
387 602 473 675 gentle
483 608 571 672 caput,
583 601 654 656 iuato
663 601 769 674 agmine
778 610 919 672 peteretur,

127 678 214 742 missi,
230 678 278 749 qui
293 677 416 732 dederent
429 677 576 731 civitatem:
596 675 852 747 etdeditioaocepta.
892 678 920 731 ln

127 752 227 808 lulium
241 751 379 824 Alpinum,
400 751 603 824 eprincipibua,
624 759 654 806 ut
670 751 830 806 concitorem
846 751 919 816 belli,

127 829 238 884 Caecina
252 827 451 882 animadvertit:
472 834 571 882 oeteroe
584 825 731 882 veniaavel
741 827 868 882 saevitiae
876 827 923 883 Vi·

127 902 318 973 telliireliquit.
837 936 840 941 -

181 981 224 1031 69.
245 976 320 1031 Haud
330 975 406 1030 facile
415 975 486 1031 dictu
497 975 561 1041 eat‚l
612 977 630 1031 ti
641 975 820 1031 Helvetiorum
830 979 922 1033 minua

127 1051 282 1124 placabilem
293 1052 488 1123 imperatorem,
499 1069 533 1106 an
544 1053 581 1106 mi
593 1054 666 1116 item,
678 1052 838 1107 invenerint.
850 1076 853 1081 ·
878 1052 923 1109 ci-

128 1128 217 1182 vitatis
233 1127 366 1181 excidium
381 1136 504 1198 poscunt,
519 1126 569 1181 tela
583 1145 614 1181 ac
626 1127 814 1182 manueinora
825 1126 923 1202 legato-

127 1220 188 1257 rum
207 1202 345 1256 intentant.
384 1202 423 1256 Ne
437 1202 560 1257 Vitellius
572 1202 682 1274 quidem
697 1203 780 1257 minis
792 1204 922 1258 aoverbia

128 1277 302 1349 temperabat:
323 1293 385 1331 oum
402 1276 530 1332 Claudius
544 1276 653 1343 domuc,
674 1294 746 1332 unua
764 1295 799 1334 ex
817 1277 921 1352 legatie,

127 1361 202 1408 notae
212 1351 413 1416 facundiae‚aed
422 1351 527 1407 dicendi
537 1362 619 1407 artem
629 1360 688 1424 apta
697 1352 870 1423 trepidatione
879 1371 923 1410 oo-

126 1427 230 1483 cultans
240 1437 320 1500 atqua
328 1445 358 1482 eo
367 1427 489 1492 validior,
504 1427 597 1482 militia
609 1429 731 1482 animum
740 1428 882 1501 mitigavit,
893 1435 924 1485 ut

127 1512 167 1558 eat
185 1521 244 1559 mos
258 1503 348 1577 vulgo,
368 1502 522 1557 mutabilem
538 1503 644 1567 subitia,
665 1510 690 1557 et
704 1511 757 1556 tem
768 1504 924 1574 pronumin

127 1579 346 1643 misericordiam,
357 1595 439 1649 quam
451 1578 601 1633 inmodicus
611 1578 736 1633 saevitiae
745 1576 839 1635 luerat.
875 1578 923 1635 Ei-

127 1652 196 1709 lusia
207 1652 333 1717 lacrimis,
345 1661 370 1707 et
379 1651 486 1707 meliora
496 1654 659 1707 constantius
668 1653 923 1727 postulando,inpu-

128 1729 236 1783 nitatem
244 1727 412 1798 salutemque
420 1728 521 1782 civitati
530 1728 702 1799 inpetravere.

181 1804 224 1856 70.
245 1801 356 1857 Caecina
364 1819 461 1873 paucae
473 1803 500 1857 in
511 1802 637 1858 llelvetiie
647 1811 763 1859 moratus
773 1803 840 1870 dica,
856 1804 923 1861 dum

127 1875 373 1933 sententiaeVitellii
382 1879 477 1932 certior
485 1877 654 1944 fieret,aimul
665 1880 806 1934 tramitum
812 1879 923 1951 Alpium

126 1970 232 2024 parans,
250 1951 348 2006 laetum
366 1969 399 2007 ex
413 1952 484 2007 ltalia
498 1955 623 2009 nuntium
637 1956 743 2026 accipit,
764 1958 835 2009 olom
848 1955 924 2013 sato-

126 2046 200 2091 anm,
222 2032 294 2082 circa
303 2029 400 2081 Padum
408 2038 531 2097 operatam,
551 2039 713 2084 accremento
726 2031 821 2085 Vitellii
833 2048 923 2087 cecea-

126 2108 197 2158 aiaac.
227 2102 413 2159 Proconsulem
423 2103 559 2159 Vitellium
569 2103 671 2179 Syllani
681 2105 710 2159 in
723 2103 810 2159 Africa
821 2105 924 2162 habue-

127 2186 199 2234 rant:
220 2195 283 2234 mox
292 2196 308 2233 a
318 2179 430 2245 Nerone,
442 2188 472 2234 ut
481 2181 509 2235 in
520 2179 672 2255 Aegyptum
682 2181 922 2251 praemitterentur,

127 2255 216 2319 exciti,
233 2261 259 2309 et
272 2255 306 2309 ob
320 2255 421 2310 bellum
435 2255 553 2311 Vindicis
562 2256 686 2322 revocati,
698 2263 796 2311 actum
806 2257 835 2312 in
848 2257 922 2313 ltalia

127 2337 273 2395 manentes,
291 2331 418 2385 instinctu
431 2329 614 2397 decurionum,
635 2333 684 2404 qui
698 2331 810 2387 Othonia
823 2333 921 2406 ignari,

126 2403 232 2460 Vitellio
245 2405 372 2470 obstricti,
388 2404 469 2460 robur
484 2405 682 2461 adventantium
696 2405 830 2479 legionum
843 2416 870 2463 et
882 2407 922 2463 la-

127 2496 199 2533 mam
210 2480 360 2535 Germanici
370 2481 500 2534 exercitus
509 2480 676 2546 adtollebant,
684 2482 812 2537 transiere
821 2483 849 2537 in
859 2500 922 2554 par·

126 2561 181 2607 tes:
203 2562 235 2617 et,
258 2563 288 2608 ut
301 2556 400 2610 donum
415 2553 524 2628 aliquod
537 2573 606 2612 novo
619 2557 745 2630 principi,
766 2557 921 2614 firmissima

108 2623 319 2704 browerianae
329 2631 453 2706 regionis
468 2633 624 2709 municipia
633 2632 823 2693 bledaelanum
833 2633 934 2686 aebo-

89 2704 197 2750 ranam
208 2707 238 2752 ‘ff
246 2702 421 2776 Eutredr'am
433 2728 469 2771 ac
478 2712 625 2773 Vercellae
636 2713 804 2772 adiunxere.
836 2701 951 2760 ibim·
