1950 3016
126 188 177 244 eso
330 190 727 240 oconuaannacrrr
792 180 932 259 (naun)

126 300 257 350 retentat.
296 294 440 348 Proximus
453 291 511 347 dies
526 292 620 349 faeiem
633 293 760 348 victoriae
773 292 855 349 iatius
868 311 933 366 apa·

126 371 190 424 ruit.
218 369 330 423 Vnstum
341 369 444 440 ubique
453 368 602 433 uiantium,
613 368 710 423 deserti
720 367 813 435 nolles,
825 368 933 425 furnan-

125 446 161 500 tia
172 444 265 515 procui
276 452 350 508 tecta,
367 443 783 514 nemoexpioratoribusobvius.
823 444 932 511 Quibus

125 521 154 575 in
165 536 273 575 omnem
287 527 390 591 partem
400 519 532 583 dimissis,
547 519 595 573 ubi
605 521 704 574 ineerta
717 518 798 593 iugae
807 522 930 594 vestigia.

124 613 216 667 neque
223 610 340 667 usquam
350 594 503 667 nongiobari
514 595 603 649 hostes
611 603 790 667 oompertum,
804 604 832 650 et
840 604 932 650 exenta

125 672 181 726 iam
195 678 293 725 aestate
305 670 396 742 spargi
411 668 513 724 beilum
526 670 668 741 nequibat3
690 671 719 724 in
730 669 799 725 fines
808 671 932 726 iioresto·

125 764 187 801 rum
200 746 348 800 exereitum
357 742 474 800 deducit.
514 744 554 798 ibi
567 744 682 816 ameptls
691 744 844 812 obsidibus,
854 762 933 817 prae·

125 821 193 876 fecto
206 821 302 875 elassis
316 820 483 875 circumvehi
494 821 657 874 Britanniam
668 823 812 892 praeoepit.
852 821 932 876 Datne

125 896 159 951 ad
167 893 196 950 id
208 897 512 966 vires‚etpraeoesserat
521 903 614 950 terror.
654 895 715 966 lpse
724 896 932 969 periitematqut

125 973 230 1042 equites
240 970 310 1024 ianto
318 970 422 1033 itinere,
433 987 489 1042 quo
501 986 632 1025 novarum
642 971 765 1042 gentium
777 973 864 1026 animi
873 973 932 1043 ipsa

125 1047 254 1099 transitus
264 1060 338 1098 mora
347 1054 517 1110 terrerentur,
533 1045 561 1098 in
572 1044 693 1099 hibernis
703 1044 809 1101 lonavit.
850 1047 886 1102 Et
894 1047 933 1102 ai·

124 1118 184 1175 mni
202 1119 296 1173 classis
311 1119 428 1174 secunda
443 1126 597 1191 tempestate
610 1136 642 1174 an
656 1120 726 1174 fama
741 1120 931 1177 Trutuieneern

123 1204 232 1267 portum
246 1196 340 1259 tenuit,
360 1194 442 1261 unde,
462 1197 585 1267 proximo
599 1195 679 1250 iatora
692 1196 848 1251 Britanniae
867 1197 931 1252 ieoto

123 1272 209 1335 omni,
220 1270 342 1326 redierat.

180 1350 223 1401 39.
244 1347 322 1401 iiuno
335 1362 426 1401 rarum
435 1362 558 1410 numum,
572 1360 741 1417 quamquam
751 1344 931 1402 nuiiaverbo·

124 1438 187 1476 rum
202 1423 324 1477 iaetantia
336 1420 457 1493 epistolis
470 1420 608 1494 Agricolae
622 1428 742 1485 numum,
758 1429 791 1475 ut
803 1422 931 1477 Domitia—

125 1505 253 1563 truserat,
265 1496 351 1553 ironto
361 1496 455 1560 iaetus,
467 1503 571 1567 pontone
580 1497 688 1560 anxius,
700 1497 815 1567 exoepit.
846 1498 931 1552 iustu

124 1573 296 1637 conscientia,
316 1570 418 1626 derisui
437 1569 521 1626 inissa
539 1586 626 1642 nuper
642 1570 741 1625 iaisum
755 1586 772 1625 a
785 1571 931 1628 mania

124 1647 305 1718 triumphum,
324 1648 423 1718 emptis
437 1662 485 1718 per
498 1647 668 1711 eommunia,
687 1662 806 1718 quorum
822 1647 930 1703 babitus

124 1730 151 1775 et
160 1723 247 1775 crines
257 1722 285 1776 in
297 1725 463 1792 captivorum
476 1722 594 1793 speeiem
605 1720 799 1778 formarentur:
820 1730 849 1778 at
857 1738 930 1779 nuno

124 1812 216 1851 veram
236 1812 417 1868 magnamque
436 1798 588 1862 victoriam,
609 1803 647 1851 tot
666 1795 791 1852 miiiibue
810 1797 930 1855 hosfium

124 1870 220 1934 eaesis,
233 1871 335 1943 ingenti
348 1869 415 1925 iama
425 1871 563 1926 celebrari,
603 1866 633 1925 id
642 1871 695 1925 sibi
707 1873 828 1927 maxime
837 1873 930 1930 formi-

124 1944 258 2010 dolosum,
269 1947 366 2017 privati
377 1946 495 2001 bominis
505 1962 602 2001 nomen
612 1963 693 2016 supra
703 1948 836 2019 principie
846 1948 930 2005 adtol-

123 2021 158 2077 li:
181 2020 278 2077 irustra
297 2021 386 2076 studia
406 2021 456 2075 inri
469 2029 496 2076 et
507 2021 631 2076 niviiium
646 2023 746 2077 artium
760 2022 845 2078 decus
855 2025 885 2079 in
894 2025 930 2079 si·

123 2096 237 2152 lentium
258 2104 324 2160 acta,
345 2097 369 2149 si
388 2095 531 2150 militarem
550 2095 662 2170 gioriam
682 2096 754 2152 aiios
771 2109 926 2172 oocuparet:

124 2180 150 2226 et
168 2178 254 2225 uetera
273 2180 421 2242 utcumque
440 2169 545 2225 iaoiiius
562 2171 745 2227 dissimulari:
769 2172 850 2229 ducis
867 2176 928 2230 boui

123 2247 321 2316 imperatoriam
332 2247 457 2300 virtutem
468 2262 536 2299 essa.
575 2246 686 2301 'i'aiibus
698 2249 772 2303 curie
783 2251 926 2315 exercitus,

124 2321 252 2393 quodque
267 2321 536 2395 saevaeoogitationis
546 2322 678 2376 indicium
688 2332 753 2388 erat,
769 2334 928 2381 semetosun

124 2397 245 2459 satiatus,
260 2397 394 2466 optimum
410 2397 599 2467 inpraesentia
614 2399 715 2462 statuit,
730 2415 860 2470 reponere
872 2401 928 2456 odi·

124 2488 182 2536 um,
198 2471 282 2524 donec
296 2472 404 2542 inpetus
415 2470 501 2526 famae
510 2479 535 2526 et
545 2470 619 2526 favor
628 2474 761 2528 exercitus
772 2473 928 2549 ianguoeoe·

111 2554 164 2602 ret.
204 2547 276 2602 Nam
288 2548 369 2605 etiam
380 2553 439 2604 tum
451 2545 575 2604 amenta
583 2547 746 2602 Britanniam
755 2549 902 2607 obtinebat.

159 2624 204 2679 150.
229 2626 324 2700 Igitur
338 2590 524 2704 triumpbiiia
537 2631 700 2683 ornamenta
710 2623 935 2678 ammutium

84 2697 155 2752 tuae
166 2698 316 2764 bonorem
332 2715 361 2765 et
376 2705 530 2787 quidquia
538 2720 595 2782 pro
601 2697 750 2773 triumuiro
758 2694 856 2759 iabus
870 2694 956 2748 aab*
