1950 3016
96 168 220 245 aaa.)
307 178 456 226 ara.1v.
476 180 627 230 cau-ss.
647 180 687 228 ss.
845 173 897 231 aar

95 281 189 346 visus,
213 275 364 353 ingruentia
387 279 457 334 mala
485 282 603 351 exponit.
647 279 752 355 Vulgus
779 282 896 336 aversari

95 372 198 428 regem,
219 355 339 409 invidere
353 353 486 428 Aegypto,
507 354 559 409 sihi
579 362 697 409 metuere
711 354 897 427 templumque

95 429 295 485 circumsidere.
336 431 419 485 Maior
433 430 497 484 hinc
506 429 575 484 fama
585 429 700 495 tradidit,
714 429 794 484 deum
804 429 896 502 ipsum

96 504 224 576 adpulsas
235 505 304 560 litori
314 505 391 559 navis
400 512 493 575 sponte
502 503 698 559 conscendisse.
725 505 824 559 Mirum
834 505 897 559 inde

95 579 180 643 dictu,
202 581 278 634 tertio
291 580 344 645 die,
365 587 467 634 tantum
481 581 565 634 maris
574 578 687 645 emensi,
707 578 896 634 Alexandriam

95 653 276 726 adpelluntur.
303 654 444 726 Templum
455 672 503 725 pro
513 654 698 729 magnitudine
706 655 783 710 urbis
792 654 898 708 exstru-

95 737 170 784 ctum
182 729 246 794 loco,
259 730 301 784 cui
314 748 410 785 nomen
421 729 553 784 Rhacotis.
587 731 684 785 Fuerat
693 728 748 784 illio
757 728 895 794 sacellum,

96 803 217 875 Serapidi
228 811 307 876 atque
317 805 380 859 isidi
391 806 539 876 antiquitus
549 813 693 860 sacratum.
723 805 792 860 Haec
801 803 834 857 de
843 803 898 859 ori·

95 881 160 952 gine
179 887 206 933 et
223 879 334 934 advectu
347 880 389 934 dei
409 879 589 935 celeberrima.
628 880 759 935 Necsum
774 880 895 954 ignarus

95 971 155 1009 csse
169 953 310 1025 quosdam,
327 955 375 1025 qui
386 953 514 1020 Seleucia,
529 955 597 1010 urbe
606 953 708 1028 Syriae,
719 956 843 1019 accitum,
854 970 898 1007 re-

94 1037 195 1102 gnante
205 1028 366 1094 Ptolemaeo,
382 1047 464 1101 quem
478 1031 552 1095 tertia
566 1037 636 1084 aetas
650 1029 724 1084 tulit:
746 1029 791 1084 alii
807 1036 897 1084 aucto-

95 1120 153 1158 rem
172 1103 287 1158 eundem
306 1103 494 1170 Ptolemaeum,
514 1105 616 1172 sedem,
636 1122 670 1159 ex
683 1122 737 1177 qua
751 1104 894 1169 nansierit,

94 1177 246 1249 Memphim
259 1178 408 1247 perhibent,
424 1179 630 1253 inclytamolim
641 1180 771 1234 etveteris
781 1179 896 1252 Aegypti

95 1253 229 1308 columen.
260 1252 345 1308 Deum
354 1254 446 1325 ipsum
456 1253 535 1308 multi
545 1253 746 1324 Aesculapium,
757 1254 829 1325 quod
839 1270 897 1306 me-

95 1328 190 1383 deatur
202 1328 289 1401 aegris
297 1330 471 1400 corporibus3
492 1329 603 1400 quidam
618 1327 724 1392 Osirin,
739 1327 898 1400 antiquissi-

96 1421 173 1458 mum
184 1402 240 1457 illis
248 1403 373 1476 gentibus
384 1420 498 1458 numen:
519 1402 642 1475 plerique
655 1403 755 1466 lovem,
766 1409 895 1456 utrarum

94 1478 219 1533 omnium
227 1486 376 1548 potentem3
397 1477 508 1549 plurimi
516 1479 601 1532 Ditem
612 1477 894 1550 patrem,in'signibus,

94 1553 204 1626 quaein
215 1552 274 1623 ipso
283 1551 433 1618 manifesta,
446 1560 491 1606 aut
499 1570 546 1624 per
557 1553 682 1626 ambages
692 1554 847 1607 coniectent.

150 1631 193 1682 85.
214 1627 249 1682 At
262 1628 429 1683 Domitianus
443 1629 648 1699 Mucianusque,
663 1637 805 1700 antequam
820 1625 895 1697 Alpi-

94 1703 147 1758 bus
156 1703 377 1775 propinquarent,
389 1719 529 1775 prosperos
539 1720 628 1757 rerum
639 1702 667 1756 in
678 1702 798 1757 Treveris
808 1709 896 1776 gesta-

93 1796 157 1834 rum
168 1779 277 1833 nuntios
291 1795 423 1849 accepere.
463 1779 607 1848 Praecipua
616 1777 741 1833 victoriae
751 1776 827 1843 tides,
838 1777 893 1831 dux

94 1852 214 1908 hostium
225 1852 392 1918 Valentinus,
414 1870 584 1926 nequaquam
597 1853 805 1917 abiectoanimo,
826 1869 894 1924 quos

95 1928 207 1999 spiritus
216 1929 353 2001 gessisset,
365 1926 441 1982 vultu
452 1927 559 1983 ferebat.
585 1927 700 1983 Auditus
711 1927 770 1982 ideo
780 1935 892 1990 tantum,

95 2009 127 2056 ut
137 2010 287 2057 nosceretur
297 2003 435 2076 ingenium
444 2002 723 2075 eius,damnatusque,
731 2001 894 2070 interipsum

95 2076 271 2148 supplicium,
286 2077 454 2148 exprobranti
469 2078 574 2133 cuidam
588 2079 700 2150 patriam
711 2076 770 2130 eius
780 2083 892 2146 captam,

95 2151 386 2222 acciperesesoletium
397 2154 489 2207 mortis
499 2152 644 2225 respondit.
681 2150 732 2205 Sed
741 2151 892 2214 Mucianus,

95 2226 169 2299 quod
177 2226 225 2281 diu
235 2227 419 2292 occultaverat,
434 2235 464 2282 ut
473 2245 564 2283 recens
574 2224 752 2299 exprompsit:
773 2228 895 2294 quoniam

95 2304 252 2371 benignitate
271 2306 346 2356 deum
363 2307 465 2372 fractae
482 2307 593 2357 hostium
606 2306 675 2356 vires
689 2305 782 2370 forent,
799 2315 895 2367 porum

94 2380 186 2433 decore
195 2377 380 2440 Domitianum,
393 2383 505 2445 consecto
515 2395 596 2445 prope
606 2377 787 2437 beliomlienue
796 2375 895 2442 gloriae

93 2456 307 2508 interventurum.
346 2451 377 2506 Si
390 2460 474 2506 statua
489 2455 591 2518 imperii
604 2458 651 2502 aut
663 2452 736 2502 aolus
747 2448 895 2503 Gallio-rum

93 2531 123 2581 in
133 2530 283 2580 discrimine
297 2535 447 2588 amaretur,
463 2529 578 2579 debuisse
590 2523 728 2578 Caesarem
736 2528 769 2576 iu
775 2527 835 2576 ocio
843 2530 902 2573 sua.-

93 2619 138 2654 να·
159 2599 340 2671 Omninosates
356 2602 527 2674 Batauosque
546 2602 699 2657 mmoa‘abua
716 2599 836 2652 dusinus
853 2591 930 2673 neis-

76 2678 187 2740 9andon
227 2675 290 2745 Ipse
311 2679 442 2779 lugduni
463 2687 521 2739 vim
548 2685 748 2806 fmtituuntque
770 2661 959 2737 quantaeuis
