1950 3016
221 194 272 240 DE
292 194 504 246 GERMANIA.
525 199 604 247 cAP.
625 201 731 248 s-11.
826 196 872 252 25l

75 312 166 368 neque
179 296 209 351 in
225 295 307 350 ullam
322 297 433 353 humani
450 300 504 354 oris
518 302 633 372 speciem
652 302 821 368 adsimulare,
841 320 875 358 ex

76 370 264 445 magnitudine
272 371 424 428 coelestium
435 375 604 431 arbitrantur.
634 377 719 432 Lucos
729 395 759 432 ac
768 395 875 433 nemora

75 452 240 510 consecrant,
256 446 421 519 deorumque
436 451 591 505 nominibus
604 451 736 522 adpellant
744 462 874 508 secretum

74 521 154 586 illud,
166 521 239 593 quod
249 521 303 575 sola
314 525 459 578 reverentia
469 525 568 579 vident.

132 599 174 649 to.
196 594 322 667 Auspicia
335 605 481 670 sortesque,
493 607 524 655 ut
532 600 581 671 qui
592 599 874 664 maxime,obsorvant.

73 669 194 726 Sortium
209 671 371 726 consuetudo
385 674 509 744 simplex.
549 675 668 747 Virgam,
680 673 822 747 frugiferae
834 691 877 727 ar-

74 745 133 801 bori
144 745 272 809 decisam,
284 746 312 799 in
324 748 445 802 surculos
456 756 602 819 amputant,
614 765 721 820 cosque,
734 749 804 803 notis
813 750 876 820 qui-

74 820 191 876 busdam
206 820 343 886 discretos,
364 839 445 894 super
459 822 598 876 candidam
614 833 714 877 vestem
733 831 831 878 temero
845 840 876 877 ac

70 890 184 951 ¹fortuito
198 903 336 969 spargunt.
376 897 448 963 Mox,
464 899 487 952 si
497 897 605 969 publico
614 898 776 964 consuletur,
788 915 876 953 sacer-

74 970 123 1025 dos
133 971 258 1036 civitatis,
271 972 313 1024 sin
323 972 459 1042 privatim,
475 974 533 1043 ipsc
541 971 740 1044 paterfamiliae,
752 982 875 1047 precatus

74 1045 138 1099 deos
149 1044 308 1116 coelumque
318 1047 477 1117 suspiciens,
489 1055 528 1101 ter
538 1047 659 1120 singulos
669 1048 743 1115 tollit,
757 1049 874 1104 sublatos

74 1118 224 1174 secundum
243 1121 403 1192 impressam
426 1130 485 1176 ante
503 1130 591 1177 notam
612 1124 804 1194 interpretatur.
845 1123 873 1179 Si

74 1193 280 1266 prohibuerunt,
295 1195 368 1250 nulla
382 1196 415 1250 ds
424 1197 514 1251 eadem
525 1215 554 1251 rs
562 1198 591 1250 in
602 1198 715 1252 eundem
730 1199 801 1253 diem
812 1216 875 1252 con-

74 1267 197 1337 sultatio;
218 1270 261 1323 sin
271 1272 445 1340 permissum,
454 1272 635 1342 auspiciorum
646 1272 733 1325 adhuc
742 1271 807 1325 fides
818 1274 874 1324 exi-

73 1344 158 1417 gitur.
197 1343 232 1397 Et
240 1343 308 1399 illud
316 1346 426 1417 quidem
437 1348 516 1401 etiarn
528 1346 572 1400 hic
582 1354 684 1409 notum,
695 1346 786 1399 avium
796 1361 873 1398 voces

74 1416 235 1491 volatusque
256 1420 429 1494 interrogare:
460 1422 598 1493 proprium
618 1420 718 1492 gentis,
743 1435 873 1490 equorum

74 1510 185 1565 quoquc
195 1495 330 1568 praesagia
340 1513 370 1549 ac
379 1497 497 1551 monitus
512 1495 637 1566 experiri.
677 1492 785 1548 Publice
797 1493 875 1546 alun-

74 1577 119 1625 tur
134 1569 230 1623 iisdem
246 1571 399 1625 nemoribus
414 1588 445 1625 ac
459 1570 527 1625 lucis
537 1569 641 1624 candidi
652 1577 677 1623 et
687 1566 761 1622 nullo
772 1566 874 1622 mortali

75 1660 155 1715 opere
168 1646 293 1699 contacti:
324 1662 392 1716 quos
406 1663 512 1716 pressos
527 1662 601 1699 sacro
614 1661 694 1698 curru
709 1642 829 1698 sacerdos
843 1658 874 1696 ac

74 1734 123 1773 rex
142 1718 184 1772 vel
204 1719 327 1790 princeps
340 1721 454 1776 civitatis
467 1722 634 1784 comitantur,
654 1719 829 1789 hinnitusque
844 1733 875 1771 ac

75 1790 199 1847 fremitus
208 1794 358 1850 observant.
389 1796 444 1848 Nec
453 1795 503 1849 ulli
513 1795 724 1866 auspiciomaior
735 1793 809 1857 tides,
821 1809 873 1847 non

75 1867 164 1922 solum
175 1869 245 1939 apud
256 1868 371 1939 plebem,
387 1869 434 1924 sed
444 1869 514 1940 apud
526 1886 654 1940 proceres,
670 1868 741 1940 a'pud
753 1868 874 1922 sacerdo-

73 1952 125 1998 tes.
165 1942 279 1998 Seenim
289 1945 426 1999 ministros
436 1944 557 2009 deorum,
572 1943 759 1999 illcsconscios
768 1949 871 2014 putant.

73 2018 124 2072 Est
133 2024 160 2071 et
168 2017 218 2072 alia
228 2018 376 2074 observatio
387 2018 577 2090 auspiciorum,
593 2021 779 2091 quagraviurn
791 2015 874 2069 bello·

75 2110 138 2147 rum
149 2100 259 2148 eventus
269 2094 414 2164 explorant.
449 2093 516 2147 Eius
526 2095 622 2166 gentis,
636 2109 697 2147 cum
709 2108 761 2163 qua
772 2089 873 2144 bellum

75 2175 125 2233 est,
141 2169 285 2238 captivum,
302 2169 501 2240 quoquomodo
515 2169 698 2238 interceptum,
715 2182 777 2220 cum
793 2163 874 2218 electo

75 2240 246 2314 popularium
262 2260 383 2307 suorum,
398 2244 491 2315 patriis
501 2259 636 2314 quemque
646 2241 737 2303 armis,
752 2239 875 2293 commit-

74 2324 145 2372 tunt.
184 2318 298 2373 Victoria
314 2319 396 2373 huius
407 2319 448 2374 vel
460 2318 535 2373 illius
548 2334 597 2389 pro
606 2314 767 2388 praeiudicio
777 2312 875 2383 accipi·

75 2400 129 2448 tur.

133 2469 173 2521 ll.
194 2466 232 2520 Dc
250 2468 399 2522 minoribus
414 2467 495 2521 rebus
509 2465 643 2537 principes
659 2460 820 2528 consultant;
841 2460 874 2514 de

75 2541 224 2596 maioribus
237 2558 345 2597 ornnes:
366 2543 401 2596 ita
415 2550 514 2606 tamen,
534 2547 564 2593 ut
577 2556 607 2593 ea
619 2553 742 2610 quoque,
757 2552 883 2606 auorum

64 2632 154 2684 penes
156 2615 267 2683 plebem
277 2617 422 2675 arbitrium
434 2627 486 2686 est,
494 2615 570 2692 apud
579 2615 723 2690 principes
729 2617 905 2692 &ss*th

63 2693 111 2736 '¹¹²¹
152 2686 265 2757 (ΜΝ,
276 2692 333 2747 121'81'
345 2695 418 2769 quid
429 2696 588 2756 fortuitum
597 2703 624 2753 at
632 2677 921 2751 sulliacum‘xnemesxl·
