1950 3016
123 196 171 255 tie
362 198 686 250 uranonrunun
786 187 921 264 (urm.

121 306 198 361 teriur
211 303 302 358 altiore
314 303 435 367 oonsilio,
446 310 531 357 uetera
541 319 576 357 ex
584 309 682 356 eventu
690 298 923 359 iudicaturusue

122 397 185 435 vare
199 396 241 433 res
257 380 306 433 boe
320 381 398 434 modo
411 380 505 449 eoepit.
546 379 625 432 Iussu
640 375 749 440 Vitellii,
763 376 923 431 &uvarum

120 457 247 509 iuventus
258 454 291 508 ad
300 454 432 508 deiectum
443 453 598 519 vombntur;
620 466 713 524 quern,
724 460 820 522 suapte
828 461 923 507 neuun

121 546 241 602 gravem,
256 530 401 584 onerabant
413 529 529 581 ministri
538 528 649 582 avaritia
659 544 691 581 aa
700 526 778 590 luxu,
789 543 869 581 senes
878 537 924 582 aut

121 604 253 659 invalidos
263 603 454 675 conquirendo,
466 619 535 672 quos
544 602 628 672 pretio
637 602 814 656 dimitterent:
827 619 923 657 rursus

121 681 246 750 inpubes,
262 680 309 733 sed
324 678 407 733 forma
419 678 557 746 eonspicui
572 676 607 748 (et
617 684 658 730 est
667 675 805 747 plerisque
813 694 922 748 proeern

120 754 243 826 pueritia)
262 755 295 808 ad
315 763 439 825 stuprum
457 751 638 806 trahebantur.
677 752 746 806 Hine
758 752 877 807 invidia:
897 759 923 806 et

121 831 282 899 compositae
296 829 434 882 seditionis
447 834 566 880 auctores
580 825 730 896 perpulere,
749 835 780 880 ut
790 826 922 881 deiectum

121 905 276 958 abnuerent.
317 902 412 957 Civiiis
426 902 557 972 primores
571 901 658 973 gentis
671 910 697 954 et
707 902 921 972 promptissimos

122 978 207 1048 vulgi,
224 978 313 1047 specie
327 976 468 1047 epularum
481 992 587 1029 sacrum
600 977 628 1029 in
640 992 736 1030 nemus
748 986 863 1041 vocatos,
874 975 921 1031 ubi

120 1061 196 1105 nocte
205 1060 230 1103 et
242 1051 336 1104 laetitia
347 1050 490 1103 ineuiuisse
501 1050 581 1113 videt,
596 1067 611 1103 a
621 1048 699 1104 laude
706 1050 847 1123 gioriaque
857 1068 922 1125 gen·

120 1128 253 1189 deorsus,
269 1127 382 1179 iniurias
397 1133 422 1178 et
432 1132 523 1193 raptus
533 1133 652 1179 eteetere
661 1127 764 1180 servitii
774 1126 845 1181 maia
856 1144 922 1182 euu-

120 1208 214 1254 rnerat.
254 1201 343 1268 Neque
355 1204 422 1253 euim
435 1204 590 1263 societatem,
606 1204 720 1264 atatim,
735 1206 780 1255 aed
790 1211 922 1271 tamquam

120 1282 253 1344 rrauueipiu
263 1279 359 1330 baberi.
395 1275 504 1340 Quande
515 1278 634 1343 ieqatum,
644 1280 720 1344 qruui
730 1281 833 1344 quidem
843 1282 922 1332 couti

122 1361 178 1406 tutu
188 1361 212 1405 et
221 1355 330 1421 superba
342 1369 399 1406 cum
407 1355 524 1418 imperio,
535 1348 642 1404 uenire?
660 1352 741 1404 Trade⁸
748 1357 922 1421 upreeuctu

122 1431 377 1496 centuriouibusque·
397 1443 461 1495 quos
474 1429 520 1480 ubi
532 1428 623 1493 aquiiis
634 1433 658 1478 et
667 1432 794 1494 sanquine
802 1431 921 1496 eaput»-

120 1508 184 1565 riut,
196 1509 303 1567 mutari,
319 1507 474 1570 aequarique
483 1518 562 1555 nouos
573 1505 647 1554 uiuus
655 1509 680 1553 et
688 1506 767 1555 vana
773 1505 921 1569 pruedueadi

120 1581 255 1632 voeabula.
295 1578 398 1630 laetare
416 1580 547 1638 deiectum,
568 1592 619 1644 quo
639 1578 714 1629 iibere*
730 1594 749 1628 u
759 1580 919 1644 parentibus,

120 1658 218 1720 {rutrea
230 1668 249 1702 a
262 1653 398 1718 fratribus,
412 1654 482 1704 uelut
491 1667 638 1718 supremum
646 1654 806 1705 diuiduntur.
846 1652 921 1705 Nun-

121 1742 200 1794 quam
209 1730 293 1791 muqia
301 1728 434 1788 adflictum
444 1742 498 1778 rem
504 1727 653 1785 Rauranum,
660 1741 707 1777 nee
716 1729 792 1778 aliud
801 1731 830 1779 itt
837 1729 921 1780 atter-

121 1804 171 1860 ut'a,
183 1815 261 1865 quum
269 1802 396 1865 praedam
406 1807 431 1852 et
444 1815 531 1853 aeaeae
550 1802 704 1853 udtottereat
715 1808 815 1853 mutum
823 1804 919 1865 neuim,

121 1882 145 1926 et
159 1877 252 1925 imaiu
266 1875 394 1940 ieqieuum
406 1879 511 1928 uomina
523 1890 555 1927 ae
561 1883 734 1941 pavescerent.
772 1877 807 1928 At
815 1879 868 1929 tibi
876 1892 920 1930 re-

122 1951 171 2000 bur
192 1952 307 2015 peditum
331 1953 507 2017 equitumque:
536 1954 738 2017 censuraqut'ueua
763 1949 920 2004 Gemmeus:

124 2022 227 2078 Gattiua
236 2027 303 2076 idem
312 2028 454 2091 cupientes:
468 2041 500 2077 ue
509 2025 631 2077 Raetuut‘a
640 2029 743 2092 quidem
751 2028 921 2093 iuqratumt'd

122 2102 222 2160 beilum,
235 2103 309 2152 euius
319 2102 465 2166 umbiquam
474 2104 605 2165 fortunam
618 2100 773 2165 Vespasium
785 2105 920 2168 inputatu-

119 2190 179 2227 roa:
199 2177 610 2227 victeriuerutimteruueuredti.

177 2252 218 2301 iii.
240 2249 336 2320 Magno
355 2264 417 2301 cum
437 2247 551 2300 adsensu
568 2247 685 2312 auditus,
700 2247 813 2304 barbaro
828 2251 881 2305 ritu
895 2257 920 2303 et

122 2324 215 2393 patriis
225 2323 450 2377 exsecrationibus
461 2323 601 2376 universas
610 2323 701 2394 adigit.
726 2324 801 2377 Missi
813 2324 920 2379 adcan-

121 2399 260 2461 niueiates,
277 2399 324 2469 qui
338 2398 448 2451 consilia
464 2397 602 2452 saciarent.
640 2398 679 2450 Ea
688 2414 754 2469 gens
764 2407 867 2468 partem
878 2400 920 2453 in·

122 2471 281 2536 subaudit,
297 2472 409 2545 origine,
426 2472 527 2544 lingua,
543 2473 640 2526 virtute
664 2490 712 2542 par
724 2473 844 2542 Batavis3
869 2491 919 2529 nu·

116 2564 194 2601 urere
211 2555 382 2619 eriperentur.
421 2547 484 2602 Mox
496 2545 606 2602 occultis
620 2548 722 2601 nuntiis
736 2547 849 2617 perierit
862 2550 920 2604 bri·

104 2625 215 2678 tarruiea
225 2625 341 2693 auriiia,
353 2626 521 2684 Batavorum
531 2623 667 2687 eubertss,
676 2623 927 2675 uixssas'xubeuus-

87 2695 180 2763 niani,
203 2709 338 2787 utsupra
357 2704 528 2773 retulimus.
539 2692 948 2770 ussiffiiissbmmissffl*
