1950 3016
131 110 180 163 lll
369 114 695 163 ntsrottulttt!
791 105 927 180 (num

129 218 235 272 turham
249 230 349 273 ausas:
369 224 405 280 et,
421 217 449 271 ni
463 217 547 273 risus
558 215 880 289 duoepnasidiadelansl
889 216 928 274 lo·

129 301 196 355 rent¹
216 308 322 347 sarram
342 294 421 347 etism
439 293 467 346 in
490 302 593 347 exteras
605 302 699 366 gentes
713 292 859 365 legatorum
873 294 925 359 ius,

128 376 189 421 ante
202 368 260 439 ipsa
275 368 375 439 patriae
388 369 502 431 moenis,
517 368 607 421 civilis
616 368 703 422 rabies
713 384 802 439 usqrra
811 368 840 421 in
850 370 928 423 axiti-

130 460 175 497 um
187 451 348 498 temerasset.
388 442 569 514 despuiomhus
577 444 676 496 animis
685 444 784 513 aaaapti
793 450 868 508 sunt,
878 442 926 515 qui

129 518 161 571 sd
175 520 319 573 tranium
336 526 473 581 venmnl,
488 534 540 573 nou
553 520 618 590 quia
628 518 772 573 molestior
781 516 869 583 miles,
879 516 927 571 sed

127 594 189 647 duci
201 592 263 665 plus
272 594 443 647 auctoritatis.

183 672 226 722 st.
246 668 388 721 Miscuerat
397 684 427 721 sa
436 665 529 740 legatis
537 666 678 721 llusonius
687 665 784 730 liuius,
795 667 927 738 squama

127 742 239 807 ordinis,
255 742 375 797 stadium
391 741 575 813 philosophias
585 750 611 796 et
619 741 714 812 pisaits
724 740 873 795 Stoioarum
883 756 927 795 aa·

129 818 260 872 mulstus:
288 816 487 887 lroeplalrstque¹
511 817 661 887 permixtus
679 815 837 886 manipulis,
858 816 927 871 bana

129 893 201 961 pneis
216 908 246 944 ao
259 889 321 943 belli
337 892 493 945 discrimina
513 890 658 955 disserens,
680 900 795 945 armatos
807 906 925 947 manere.

129 964 157 1019 ld
167 964 303 1035 plerisque
313 962 438 1027 ludibrio,
450 964 574 1035 pluribus
583 966 683 1020 taedim
696 982 746 1019 naa
754 965 927 1037 dearmatum

128 1037 304 1111 propellerent
312 1037 558 1111 praedicaremque,
570 1040 751 1105 ni‚admanitu
761 1040 928 1095 modestissi-

128 1113 165 1167 mi
175 1114 317 1185 rariusque,
332 1120 359 1167 et
373 1112 433 1168 aliis
443 1115 639 1179 minitantibus,
649 1116 786 1170 annuisset
794 1116 928 1187 intompe-

126 1190 222 1243 stivam
238 1189 405 1259 sapientiam.
444 1187 546 1245 Obviaa
561 1189 634 1244 luere
643 1199 669 1245 at
678 1191 797 1263 virgines
807 1190 927 1245 Vestales

127 1280 189 1317 oum
203 1263 322 1335 epistolis
337 1262 445 1329 Vitellii,
467 1265 500 1320 ad
515 1266 659 1321 Antonium
679 1266 795 1335 seriptis.
834 1266 927 1320 Emisit

125 1356 245 1407 supruno
264 1344 400 1393 eertumlol
412 1356 493 1393 anum
506 1344 581 1403 allam,
601 1339 764 1411 postulabat:
788 1344 813 1393 al
824 1356 927 1395 mom

125 1418 319 1475 lnlsrtsrissenl,
330 1418 436 1483 sautius
445 1420 532 1468 omnia
542 1423 709 1469 conventura.
729 1414 854 1487 Virgines
861 1430 927 1471 oram

126 1488 226 1543 honora
240 1488 379 1541 rllmissaa:
401 1488 506 1543 Vitellio
521 1491 690 1559 rescriptum.
707 1489 800 1544 &lim
814 1494 927 1545 oaadnl

125 1566 244 1616 incendio
256 1560 378 1627 Capitolii
387 1565 514 1629 dirempta
524 1566 585 1616 belli
594 1569 754 1619 commerata.

181 1638 223 1687 ta.
244 1632 365 1687 Tantavit
383 1642 470 1690 tamen
489 1637 631 1702 Antonias,
653 1645 757 1693 vaaataa
771 1637 805 1692 ad
819 1640 926 1695 muala-
970 1694 973 1701 ,

126 1724 186 1761 nem
199 1706 315 1777 legiones
326 1709 455 1781 mitigare,
471 1720 508 1772 ut,
520 1717 614 1765 castris
626 1718 704 1765 tuoto
711 1721 816 1780 pontem
824 1714 926 1769 Musl-

124 1786 270 1849 ramporllr's
286 1788 751 1855 parlarartlsurlsmtnpruderaotar.
771 1786 848 1842 liatia
857 1804 925 1843 ouu-

125 1856 223 1921 utandi‚
236 1872 268 1910 na
278 1866 415 1927 asperatus
425 1860 524 1930 proelio
535 1860 621 1925 milas,
635 1878 686 1917 non
697 1860 805 1932 populo,
817 1878 871 1918 uon
882 1880 925 1918 ss·

125 1932 208 1995 ualui,
224 1948 258 1987 ns
271 1930 379 2003 tamplls
389 1934 498 2005 quidem
511 1934 670 1989 sodalubris
679 1934 789 1990 deorum
800 1938 925 1993 consule-

124 2013 171 2059 ret.
212 2006 262 2061 Sed
277 2024 382 2062 omnam
398 2007 580 2079 prolationem,
597 2018 627 2063 ut
639 2010 776 2065 inimicam
786 2012 922 2078 violamus,

124 2082 319 2152 strapartalrant.
336 2080 422 2137 Simul
434 2082 560 2157 fulgentia
571 2100 618 2154 par
627 2084 925 2158 nullasvexilla‚quam-

124 2170 206 2227 quam
217 2156 323 2211 inbellis
334 2156 450 2229 populus
460 2161 748 2230 saqrreratunapeaiem
760 2160 866 2218 hostilis
875 2180 924 2218 ax-

124 2230 221 2283 amitus
232 2229 354 2286 lacerant.
376 2232 641 2307 Tripartitoagmina,
653 2250 724 2306 para,
736 2244 767 2289 ut
776 2236 922 2305 adstiterat,

125 2303 253 2359 llnnrtnir
270 2306 321 2370 vla,
338 2322 400 2377 pars
413 2308 485 2363 iuxta
495 2310 581 2379 ripam
592 2308 696 2363 Tiberis
707 2311 828 2379 incessit3
850 2313 924 2367 tarti-

124 2394 169 2431 ura
182 2396 275 2447 apirian
292 2394 338 2451 par
348 2379 474 2437 Salariam
485 2382 603 2438 Collinae
613 2392 702 2455 partas
714 2387 921 2458 propinquabat.

124 2452 201 2505 l'lalrs
217 2454 328 2509 larvatis
342 2457 479 2527 equitibus
493 2457 564 2512 lusa:
587 2458 666 2512 milas
675 2459 833 2515 Vitellianus
844 2462 922 2516 trinis

122 2534 148 2579 et
162 2528 220 2597 ipae
233 2528 372 2599 praesidiis
385 2530 507 2587 aaaurrit.
547 2532 648 2587 Proelia
662 2535 826 2591 autaurbsm
836 2535 921 2591 mulla

123 2606 148 2653 at
158 2602 244 2655 varta:
265 2601 467 2672 stultarum,
481 2604 593 2663 oonsilio
601 2607 702 2664 ducum
711 2612 919 2681 praestantibus.
