1950 3016
277 205 482 254 ntnnoeus.
504 206 585 253 CAP.
604 206 644 253 12.
665 207 706 254 ¹³.
842 204 891 257 3l3

92 324 133 372 nc,
150 307 174 360 si
188 305 361 377 introspicere
374 306 455 361 altius
468 305 646 377 velis-ipsum
657 306 806 378 Apollinem
817 325 890 364 acce·

91 382 199 453 pimus:
220 381 273 446 vel,
284 383 308 436 si
318 381 383 435 haec
393 380 513 436 fabulosa
522 381 605 436 nimis
613 390 638 435 et
647 383 791 453 composita
797 384 891 438 viden-

93 464 145 521 tur,
162 455 231 511 illud
245 464 314 511 certe
328 456 396 511 mihi
406 456 538 521 concedis,
549 454 629 527 Aper,
640 474 694 511 non
702 457 832 512 minorem
842 459 891 513 ho-

91 548 184 586 norem
194 531 317 596 Homero,
328 548 411 602 quam
421 531 601 595 Demostheni,
612 532 683 602 opud
692 539 823 602 posteros:
843 549 891 586 nec

90 605 293 679 angustioribus
303 606 424 660 terminis
435 606 533 661 lamam
543 606 680 677 Euripidis
690 614 736 660 aut
741 604 889 676 Sophoclis,

91 698 174 752 quam
184 681 282 753 Lysiae
291 688 337 734 aut
349 680 500 753 Hyperidis,
512 680 624 735 includi.
659 679 752 734 Plures
762 679 840 734 hodie
849 697 892 733 re-

90 756 189 826 peries,
201 757 249 826 qui
259 754 394 809 Ciceronis
403 754 525 827 gloriam,
537 773 619 826 quam
630 754 891 827 quiVirgilii,detre·

90 837 175 898 otent;
197 846 246 883 nec
256 828 329 884 ullus
340 830 426 883 Asinii
437 837 482 883 aut
492 829 620 884 Messalae
630 830 696 884 liber
705 837 759 884 tam
769 828 890 884 inlustris

91 912 141 970 est,
153 921 235 976 quam
245 904 337 959 Medea
346 902 446 968 Ovidii,
458 912 504 957 aut
513 905 585 958 Varii
596 904 734 977 Thyestes.

148 981 189 1033 l3.
211 979 249 1033 Ac
267 995 301 1033 ne
320 977 453 1033 fortunam
473 978 583 1049 quidem
597 986 688 1034 vatum
705 988 731 1033 et
745 977 813 1034 illud
827 978 891 1034 felix

90 1053 296 1109 contubernium
306 1070 459 1124 comparare
469 1054 603 1109 timuerim
613 1071 675 1109 cum
685 1055 890 1126 inquietaetan-

89 1129 136 1183 xia
156 1137 290 1183 oratorum
310 1129 373 1183 vita.
412 1128 486 1182 Licet
504 1127 564 1183 illos
577 1130 721 1185 cortamina
735 1137 760 1184 et
771 1129 889 1200 pericula

90 1220 141 1258 sna
151 1203 184 1257 ad
194 1202 347 1257 consulatus
357 1205 501 1268 evexerint,
517 1203 587 1258 malo
595 1221 721 1258 securum
732 1212 757 1257 et
766 1205 889 1275 quietum

90 1277 197 1350 Virgilii
217 1295 362 1342 secessum,
384 1278 412 1332 in
431 1295 486 1349 quo
504 1284 592 1331 tamen
607 1295 695 1349 neque
709 1277 781 1348 apud
795 1278 888 1332 divum

89 1351 244 1425 Augustum
259 1354 343 1426 gratia
358 1353 451 1417 caruit,
472 1369 558 1423 nsque
572 1352 644 1422 apud
653 1349 784 1423 populum
795 1352 891 1406 Roma-

89 1444 158 1482 num
172 1429 273 1482 notitia.
313 1427 403 1481 Testes
418 1426 534 1500 Augusti
547 1423 680 1496 epistolae,
691 1426 765 1480 testis
775 1427 834 1496 ipse
844 1443 891 1496 po-

89 1501 183 1574 pulus,
195 1503 244 1573 qui
254 1501 352 1556 auditis
362 1502 390 1555 in
402 1501 501 1556 theatro
512 1501 634 1556 versibus
643 1500 760 1573 Virgilii,
775 1501 891 1565 surrexit

89 1577 246 1642 universus,
261 1586 287 1631 et
301 1576 365 1632 lortc
378 1578 542 1648 praesentem
556 1582 772 1648 spectantemque
781 1575 891 1648 Virgili-

88 1669 139 1706 um
161 1660 301 1706 veneratus
317 1661 357 1705 est
371 1653 419 1716 sio,
440 1653 519 1723 quusi
538 1651 701 1725 Augustum.
741 1650 781 1704 Ne
793 1651 890 1705 nostris

88 1725 201 1799 quidem
212 1726 376 1796 temporibus
386 1725 524 1782 Secundus
536 1727 697 1797 Pomponius
706 1723 770 1780 Afro
777 1724 890 1780 Domitio

89 1801 133 1856 vel
144 1801 272 1873 dignitate
282 1801 396 1855 vitaevel
408 1803 579 1872 perpetuitate
589 1801 675 1855 lamae
683 1802 800 1856 cesserit.
821 1801 889 1854 Nam

90 1875 204 1946 Crispus
219 1877 269 1930 iste
282 1883 308 1931 et
321 1876 470 1941 Marcellus,
490 1876 523 1931 ad
533 1894 648 1947 quorum
659 1875 780 1947 exempla
790 1892 833 1930 me
844 1892 890 1929 vo-

89 1967 146 2014 cas,
161 1949 230 2022 quid
243 1950 342 2004 habent
355 1951 383 2004 in
394 1951 444 2004 hac
457 1969 505 2005 sua
517 1950 619 2005 fortuna
629 1948 890 2022 concupiscendum?

89 2024 165 2096 quod
178 2025 282 2090 timent,
303 2042 336 2079 an
351 2025 424 2096 quod
433 2025 577 2079 timentur?
594 2026 676 2098 quod,
697 2023 889 2096 cumquotidie

90 2099 194 2170 aliquid
208 2107 342 2172 rogentur,
363 2099 401 2164 hi,
422 2100 523 2170 quibus
535 2108 677 2172 praestant,
699 2096 890 2226 indignantur?

90 2173 165 2245 quod
179 2174 287 2246 adligati
300 2192 362 2229 oum
378 2174 537 2239 adulatione,
557 2192 606 2228 nec
620 2174 761 2244 imperanti
781 2191 814 2228 us
828 2190 889 2226 um·

90 2265 174 2319 quam
186 2250 252 2302 satis
261 2249 331 2302 servi
344 2248 531 2314 videntur,nec
541 2250 617 2303 nobis
627 2249 692 2302 satis
703 2246 797 2302 liberi‘l
816 2246 890 2312 Quae

90 2322 157 2377 haec
166 2339 273 2377 summu
287 2339 378 2377 mum
389 2325 503 2394 potentia
513 2322 570 2377 est‘l
589 2323 703 2378 Tantum
714 2339 793 2393 posse
802 2320 890 2375 liberti

90 2396 186 2451 solent.
226 2396 268 2451 Me
277 2413 340 2451 vero
349 2401 446 2460 dulces,
457 2407 487 2452 ut
496 2396 625 2470 Virgilius
635 2399 680 2461 ait,
691 2398 792 2459 Musae,
804 2412 890 2449 remo-

90 2478 151 2524 tum
167 2488 182 2523 a
196 2469 421 2526 sollicitudinibus
434 2472 550 2535 eteuris,
572 2480 597 2525 et
607 2473 762 2526 necessitate
771 2469 890 2542 quotidie

91 2543 196 2614 aliquid
205 2552 293 2601 contra
303 2546 424 2600 animum
436 2545 558 2609 faciendi,
577 2547 606 2600 in
617 2545 662 2600 illa
672 2564 759 2610 sacra,
777 2545 894 2613 illosque

90 2618 176 2671 tontes
193 2617 292 2675 lerant:
322 2638 373 2676 nec
389 2621 520 2678 insanum
534 2620 610 2678 ultra
620 2617 921 2678 sustinendum

76 2689 234 2762 [almamque
242 2693 397 2765 pellentem
413 2699 549 2777 trepidus
558 2700 708 2778 experior.
741 2683 945 2749 &onmem-
