1950 3016
269 214 475 262 nimbosve.
497 216 575 263 GAP.
596 216 640 264 10.
660 217 701 264 11.
837 209 882 262 ili

84 315 173 388 ipsam
183 326 271 370 aloem
283 316 448 389 eloquentiae
458 324 483 372 te
492 315 664 381 instemus
672 316 759 371 mavis
767 322 803 381 et,
810 331 888 371 sum-

84 406 130 446 ma
141 391 263 462 adeptus,
274 392 303 447 in
314 391 459 447 levioribus
469 392 604 448 subsistis.
644 390 688 456 Ut,
702 392 727 446 sl
738 392 767 445 ln
777 391 887 446 Graecia

86 475 165 520 natus
180 480 262 532 esses,
277 467 324 521 ubi
343 466 458 522 ludicras
473 484 582 540 quoque
594 474 663 521 artes
675 481 795 520 exercere
805 466 887 521 hone·

85 544 159 596 sium
170 548 220 605 est,
231 559 262 595 ac
271 542 322 598 tibi·
332 542 472 597 Nicostrati
483 543 565 597 robur
574 557 605 597 ac
614 543 685 597 vires
694 540 732 595 dii
742 540 887 604 dedissent,

86 633 140 671 non
156 624 259 687 paterer
272 617 394 671 inmanes
409 617 469 672 illos
482 625 507 672 et
517 616 551 671 ad
561 630 680 690 pugnam
692 624 766 670 natos
779 614 888 669 lacertos

86 690 193 745 levitate
202 689 282 745 iaculi
299 702 344 746 aut
354 694 424 747 iactu
434 692 502 746 disci
515 708 668 747 vanescere:
689 690 729 746 sic
739 698 846 745 nuncte
856 688 890 742 ab

87 762 226 821 auditoriis
241 773 266 819 et
279 767 387 820 theatris
403 766 431 821 in
447 766 533 822 furum
549 775 574 822 et
585 767 619 822 ad
629 782 738 822 caussas
749 764 817 820 etad
827 778 890 818 vera

87 841 187 912 proelia
198 854 276 908 voco3
297 855 360 895 cum
372 842 528 912 praesertim
539 858 573 896 ne
585 843 618 897 ad
628 840 697 896 illud
707 839 817 913 quidem
827 857 891 893 oon-

87 916 180 988 lugore
195 916 292 986 possis,
312 916 384 988 quod
398 915 535 988 plerisque
547 919 735 989 patrocinatur,
750 925 889 986 tamquam

89 992 181 1045 minus
200 990 346 1045 obnoxium
365 993 400 1045 sit
412 991 683 1064 offensaepoetarum,
703 1008 786 1064 quam
805 999 891 1045 orato·

88 1076 165 1130 rum,
190 1065 321 1120 studium.
360 1065 514 1121 Eiiervescit
537 1069 609 1122 enim
630 1069 672 1123 vis
694 1064 891 1138 pulcherrimae

88 1149 200 1195 naturae
209 1147 283 1208 tuae3
305 1158 353 1195 nec
367 1156 415 1212 pro
425 1142 510 1196 amico
519 1141 619 1213 aliquo,
632 1142 688 1206 sed,
702 1142 774 1213 quod
785 1145 892 1212 pericu-

88 1215 174 1270 losius
185 1222 234 1279 est,
251 1228 299 1286 pro
308 1215 405 1270 Catone
418 1216 537 1270 ollendis.
576 1216 891 1271 Neccxcusatu1·oilensa

89 1290 287 1346 necessitudine
296 1290 387 1355 officii,
397 1299 443 1345 aut
453 1289 504 1344 fide
514 1290 703 1354 advocationis,
714 1299 760 1344 aut
771 1288 892 1344 fortuitae

90 1375 116 1421 et
125 1365 229 1419 subitae
238 1365 362 1420 dictionis
373 1367 480 1436 inpetu:
496 1374 522 1418 at
532 1375 560 1420 tu
570 1365 713 1419 meditatus
724 1364 833 1426 videris,
846 1369 892 1416 aut

89 1440 203 1514 elegisse
216 1454 357 1511 personam
373 1439 515 1495 notabilem
530 1447 629 1494 etcum
643 1441 796 1494 auctoritate
804 1437 893 1490 dictu-

89 1532 158 1570 ram.
198 1514 297 1580 Sentio,
319 1515 385 1587 quid
404 1514 556 1586 responderi
570 1515 668 1586 possit:
690 1512 754 1568 binc
772 1515 892 1585 ingentes

90 1591 173 1646 extiti
188 1591 328 1655 adsensus,
346 1591 409 1644 binc
418 1591 446 1644 in
457 1590 524 1661 ipsis
534 1590 672 1644 auditoriis
682 1589 823 1661 praecipue
834 1587 893 1640 lau-

89 1664 158 1729 dari,
182 1673 208 1719 et
224 1682 287 1720 mox
301 1667 422 1720 omnium
434 1665 603 1720 sermonibus
614 1664 686 1720 ferri.
726 1662 801 1718 Tolle
810 1663 894 1735 igitur

91 1740 192 1814 quietis
202 1748 228 1794 et
237 1741 386 1794 securitatis
396 1741 670 1805 excusationem,cum
681 1737 731 1794 tibi
742 1755 834 1793 sumas
845 1734 892 1791 ad-

83 1817 241 1871 -versarium
262 1817 436 1887 superiorem.
476 1812 559 1869 Nobis
579 1816 643 1869 satis
663 1816 707 1879 sit,
730 1816 848 1886 privatas
868 1818 894 1866 et

91 1891 174 1946 nostri
191 1891 289 1944 saeculi
305 1891 495 1945 controversias
510 1890 588 1954 tueri,
610 1890 638 1944 in
648 1889 749 1962 quibus
758 1889 892 1959 expressis

91 1968 115 2020 si
134 1965 242 2037 quando
262 1980 368 2020 necesse
382 1967 417 2019 sit
429 1982 477 2036 pro
486 1964 650 2036 periclitante
664 1965 749 2019 amico
763 1963 893 2034 potentio-

91 2053 154 2095 rum
170 2056 248 2095 aures
262 2041 402 2106 odbndere,
420 2049 446 2094 et
455 2041 563 2111 probata
573 2041 608 2094 sit
618 2038 684 2094 linies
694 2047 719 2093 et
728 2036 835 2092 libertas
846 2053 894 2090 ex-

92 2123 193 2170 cucata.

150 2191 190 2244 ll.
211 2188 286 2256 Quae
298 2206 359 2244 cum
375 2187 520 2243 dixissetll
541 2206 569 2242 er
580 2188 677 2251 acrius,
697 2183 847 2249 utsolebat,
868 2192 895 2238 et

92 2266 194 2320 intento
203 2280 257 2329 ore,
264 2265 394 2319 remissus
405 2272 430 2318 et
439 2206 732 2325 subridensblaternns,
743 2261 892 2324 Parantem,

93 2340 192 2410 inquit,
215 2354 267 2404 me,
288 2356 340 2394 non
355 2340 447 2394 minus
461 2339 508 2393 diu
524 2337 651 2391 adcusare
664 2345 789 2399 oratores,
810 2350 894 2406 quam

93 2413 165 2486 Aper
181 2413 299 2468 laudavit
318 2413 381 2486 (iore
396 2416 468 2468 enim
484 2409 639 2476 arbitrabar,
658 2418 699 2475 ut,
715 2428 730 2464 a
744 2408 895 2465 laudatione

93 2502 186 2544 eorum
202 2489 350 2561 digressus,
370 2488 523 2543 detrectaret
536 2495 625 2557 poetas
645 2493 724 2557 atque
743 2486 894 2539 carminum

93 2562 215 2618 studium
225 2563 410 2637 prosterneret)
416 2560 592 2635 artequadam
601 2558 904 2634 mitigasitaouoedeu-

88 2639 123 2690 do
136 2638 189 2699 liis,
207 2638 258 2706 qui
271 2652 383 2694 caussas
398 2656 481 2715 agere
490 2656 549 2696 nou
556 2625 932 2713 possent,ut=aeesusiaes3

75 2716 145 2760 10¹²&
185 2708 365 2784 Egnatium,
378 2685 959 2788 sicutinmtawisagenmeeixmsffi
