1950 3016
100 155 149 209 tat
339 157 664 205 nrsroarsausr
764 146 893 222 (ausu.

99 258 315 331 retinendi,quae
324 258 450 314 Vitellius
461 258 625 324 indulsisset,
637 274 694 330 spe.
710 255 799 329 Atque
808 257 896 328 ipsum

99 334 240 390 Caecinam
261 352 313 390 non
334 336 447 390 obscure
466 335 500 389 ad
519 334 701 389 transitionem
715 332 895 387 hortabantur.

99 410 229 464 llecitataie
252 427 300 481 pro
324 412 450 467 concione
473 410 598 481 epistolae
619 408 743 463 addidere
763 407 820 463 frdu
838 409 897 479 Jm.

99 484 173 557 qnod
186 485 322 541 submisse
335 485 458 550 Caecina,
480 484 552 538 velut
565 484 696 539 offendere
704 483 817 554 Vespasi
853 498 898 537 um

99 562 207 626 timens,
224 562 344 633 ipsorum
359 561 441 615 duces
454 561 641 632 contemptim,
662 568 798 632 tamquam
815 556 899 613 insul-

99 643 184 691 tantes
193 636 309 703 Vitellio,
323 635 502 707 scripsissent.

156 715 196 766 ll).
218 711 341 767 Adventu
361 709 457 764 deinde
476 708 590 763 duarum
606 708 756 783 legionum,
771 707 899 780 equibus

99 787 203 841 tertiam
217 787 314 841 Dillius
329 786 500 856 Aponianus,
516 794 635 840 octavam
651 784 793 839 Numisius
808 783 899 854 Lupus

100 861 240 925 ducebant,
260 868 391 916 ostentare
410 861 492 922 vires,
512 869 537 914 et
557 859 665 915 militari
685 858 756 913 vallo
770 859 900 913 Veronam

100 934 265 990 circumdare
274 935 383 1005 placuit.
420 935 497 990 Forte
507 935 653 990 Galbianae
661 933 757 1006 legioni
768 935 796 988 in
807 933 900 987 aduer-

100 1027 129 1063 su
149 1008 235 1063 fronte
254 1008 317 1064 valli
336 1027 404 1081 opus
417 1019 540 1075 cesserat,
557 1018 583 1064 et
597 1011 648 1063 visi
662 1008 755 1080 procul
768 1009 900 1063 sociorum

100 1084 214 1154 equites,
229 1101 326 1139 vanam
340 1084 521 1151 formidinem,
538 1093 568 1140 ut
578 1085 676 1149 hostes,
688 1083 781 1138 fecere.
822 1082 901 1153 Rapi-

101 1166 183 1212 untur
196 1175 279 1226 arma,
301 1168 335 1225 et,
351 1167 381 1214 ut
392 1160 559 1231 proditionis,
580 1161 618 1214 ira
629 1159 745 1214 militum
755 1160 784 1212 in
794 1157 826 1213 T.
837 1157 902 1213 Am-

100 1233 176 1303 pium
191 1233 351 1291 Flavianum
364 1235 497 1300 incubuit,
515 1233 589 1289 nullo
598 1235 720 1289 criminis
729 1241 899 1306 argumento3

100 1307 158 1374 sed,
179 1309 348 1382 iampridem
362 1312 479 1375 invisus,
500 1310 607 1365 turbiue
619 1309 735 1381 quodam
745 1309 780 1363 ad
789 1308 901 1363 exitium

101 1385 271 1455 poscebatur:
294 1391 470 1455 propinquum
489 1386 597 1449 Vitellii,
609 1390 769 1454 proditorem
785 1383 900 1447 Othonis,

101 1463 295 1530 interceptorem
305 1466 422 1515 dmmtiot
432 1460 610 1515 clamitabant.
642 1461 698 1514 Noe
706 1457 855 1514 defensioni
865 1456 902 1512 lo-

101 1551 160 1599 cus,
176 1552 341 1606 quamquam
356 1535 493 1606 supplices
507 1552 605 1590 manus
618 1535 743 1597 tenderet,
757 1532 836 1587 humi
847 1531 903 1604 pls-

101 1626 218 1680 rumque
227 1618 335 1672 stratus,
347 1608 431 1663 lacera
443 1617 524 1673 veste,
537 1618 629 1679 pectus
637 1618 717 1680 atque
727 1625 772 1662 ora
781 1606 903 1679 singultu

101 1685 235 1754 quatiens.
275 1683 404 1752 idipsum
415 1682 487 1754 apud
498 1683 615 1738 infensos
625 1684 827 1738 incitamentum
837 1688 901 1746 erat,

101 1764 239 1828 tamquam
259 1757 361 1811 nimius
375 1775 458 1828 pavor
472 1760 659 1812 conscientiam
677 1766 808 1830 argueret.
849 1755 904 1812 Ob-

102 1830 258 1885 turbabatur
273 1829 389 1886 militum
407 1832 516 1886 vocibus
530 1831 664 1904 Aponius,
677 1849 739 1887 cum
754 1831 828 1903 loqui
844 1847 904 1887 ooo-

101 1913 199 1976 ptaret:
230 1904 338 1973 fremitu
357 1914 383 1960 et
396 1905 511 1962 clamore
525 1916 623 1963 ceteros
638 1914 828 1979 aspernantur:
854 1905 903 1961 uni

101 1978 216 2035 Antonio
233 1989 337 2052 apertae
352 1980 470 2036 militum
483 1999 572 2037 aures.
612 1984 734 2053 Namque
743 1990 769 2035 et
780 1981 903 2035 facundia

102 2054 200 2120 aderat,
216 2054 406 2128 mulcendique
416 2055 530 2130 vulgum
544 2065 612 2111 artes
623 2067 648 2111 at
660 2057 811 2111 auctoritas.
852 2055 903 2111 Ubi

101 2130 257 2185 crudescere
274 2130 378 2197 seditio,
399 2141 423 2186 et
437 2149 451 2186 a
466 2132 593 2187 muriciis
607 2142 632 2186 et
644 2132 750 2202 probris
763 2130 797 2183 ad
812 2128 863 2184 tela
878 2136 904 2183 et

103 2222 200 2260 manus
210 2206 366 2271 transibant,
379 2207 453 2261 inlici
463 2216 568 2262 catenas
579 2206 705 2261 Flaviano
715 2205 798 2259 iubet.
814 2202 904 2259 Sensit

102 2278 251 2335 ludibrium
268 2279 355 2346 miles,
366 2281 549 2354 disiectisque,
560 2283 608 2354 qni
621 2279 737 2335 tribunal
749 2280 902 2345 tuebantur,

103 2363 219 2409 extrema
239 2356 281 2410 vis
305 2356 457 2427 parabatur.
496 2354 628 2427 Opposuit
646 2359 738 2411 sinum
757 2353 902 2419 Antonius,

102 2431 193 2485 stricto
208 2429 285 2495 ferro,
300 2441 347 2485 aut
361 2435 471 2485 militum
484 2449 512 2485 ss
524 2435 651 2495 munibus,
662 2439 709 2484 uut
718 2434 781 2492 suis,
792 2436 905 2484 mmin-

102 2522 161 2558 rum
171 2504 318 2559 obtestans:
341 2514 370 2559 ut
388 2521 525 2576 quemque
544 2512 636 2559 uotum
651 2513 676 2559 et
689 2504 779 2574 aliquo
793 2503 904 2559 militari

88 2577 186 2633 decore
199 2581 341 2655 insignem
358 2580 531 2655 adspexerat,
545 2579 580 2635 ad
588 2578 913 2644 ferendamopsmnom'x-

69 2664 112 2703 110
126 2654 216 2712 ciens,
259 2658 327 2717 Mox
344 2676 505 2720 conversus
520 2655 657 2732 adsigna
669 2647 848 2708 ornatorum
854 2646 936 2702 neos,
