1950 3016
101 185 151 240 aaa
340 185 667 235 maronianum
763 180 900 251 (eneae

102 307 253 361 exposcere.
291 287 397 347 Gaudio
411 286 626 359 clamoribusque
638 292 733 343 cuncta
742 287 901 357 misoebam,

101 363 268 438 indiligentia
279 365 334 421 veri
344 372 369 419 et
377 362 503 419 adulandi
512 362 633 419 libidine
662 363 734 426 Piso,
747 362 845 417 italicis
854 361 902 417 Sr-

101 441 192 514 gittae,
212 439 254 494 vel
270 440 350 499 insita
364 438 500 502 modestia,
520 455 574 493 non
589 438 616 496 in
626 436 768 508 publicum
777 454 902 509 egressus

102 525 151 580 est,
164 514 395 587 nequeeastudiis
409 512 483 585 vulgi
493 513 624 583 permisit.
658 511 902 584 Cenurionemqus

101 599 299 663 perconctatus.
319 600 462 660 postquam
482 589 634 659 quaesitum
653 587 708 643 sibi
724 588 829 643 crinea
843 605 902 641 cae-

102 666 219 738 demque
236 665 374 736 comperit,
393 663 569 719 animadverti
589 662 618 717 in
637 679 700 717 eum
719 662 809 725 iussit,
830 662 902 717 baud

102 741 213 812 perinde
221 758 269 811 spe
279 742 358 802 ritae,
367 755 451 809 quam
463 739 501 792 ira
511 738 539 791 in
549 737 821 808 percussorem‚quod
831 737 901 793 idem

102 833 136 871 ex
147 815 357 873 interlectoribus
367 812 452 867 Clodii
462 813 553 876 ldacri,
569 821 693 867 cruentas
703 811 781 883 legati
792 813 904 884 megui-

104 908 137 947 uc
156 907 253 953 manus
272 888 305 943 ad
322 887 429 942 casalem
450 886 615 958 proconsulis
630 886 775 941 retulisset.
814 887 904 942 Aaxio

103 964 198 1019 deindo
217 964 301 1017 edicto
321 962 585 1033 Carthaginiensibus
607 962 752 1031 increpitis,
773 977 808 1017 ne
824 961 904 1017 solita

103 1038 213 1110 quidem
228 1038 320 1091 monia
337 1038 495 1106 usurpabat,
515 1036 624 1091 clausus
637 1038 707 1091 intra
720 1037 847 1102 domum,
869 1053 903 1090 ne

103 1130 157 1184 qua
167 1121 256 1169 motus
267 1112 328 1168 novi
339 1129 432 1165 caussa
444 1111 483 1166 vel
496 1109 560 1166 torte
571 1111 693 1166 oriretur.

157 1190 201 1243 bd.
222 1186 274 1241 Sed
288 1187 335 1241 ubi
352 1187 428 1243 Festo
445 1187 618 1243 consternatio
632 1185 718 1258 vulgi,
735 1186 902 1241 centurionis

103 1263 278 1334 supplicium,
296 1278 410 1332 veraque
425 1271 450 1316 et
462 1261 527 1315 falsa
542 1278 615 1316 more
629 1261 714 1315 lemae
723 1261 752 1315 in
761 1262 851 1315 maius
860 1262 904 1316 in-

104 1349 222 1402 notuere,
238 1339 342 1409 aquitae
357 1339 384 1392 in
399 1354 490 1393 necem
506 1337 610 1393 Pisonis
623 1337 713 1391 mittit.
753 1335 795 1393 llli
805 1338 902 1407 raptim

104 1415 182 1478 raeti.
191 1414 306 1471 obscuro
315 1412 404 1471 adbuc
411 1420 517 1482 <neptim
527 1411 605 1476 lueis,
614 1410 725 1469 minum
735 1412 904 1481 proconsulis

103 1490 273 1559 inrumpunt,
291 1487 425 1542 destrictis
438 1486 549 1559 gladiis:
570 1494 596 1540 et
610 1503 707 1558 magna
721 1503 784 1555 pars
799 1486 905 1542 Pisonis

104 1564 200 1636 ignari.
216 1562 290 1633 quod
301 1563 399 1617 Poenos
408 1561 552 1621 auxiliares
562 1562 722 1633 Maurosque
734 1561 762 1615 in
774 1577 833 1615 eam
843 1578 905 1616 oae-

103 1641 164 1697 den
182 1637 323 1709 relegerat.
363 1637 440 1691 liaud
460 1635 550 1706 procul
570 1636 695 1691 cubiculo
707 1635 820 1692 obvium
838 1635 904 1691 torte

103 1728 228 1775 servum,
253 1715 374 1778 quanam
396 1720 421 1764 et
444 1715 488 1765 ubi
508 1720 574 1765 aeret
591 1709 669 1764 Pisa?
697 1711 901 1783 interrogavere.

104 1785 203 1845 &rsus
224 1785 329 1856 egregio
348 1785 493 1849 nicodemo,
514 1786 901 1856 recommemorando:

104 1860 237 1917 aestatim
251 1858 432 1913 obtruncatur.
471 1860 527 1913 Nec
542 1860 625 1914 multo
634 1868 693 1931 poet
703 1861 764 1915 Piso
776 1860 905 1917 interfici-

104 1944 162 1991 tur:
194 1949 310 2004 namque
329 1933 426 1998 aderat,
446 1934 496 2004 qui
510 1943 636 1999 nosceret,
658 1935 755 1989 bebius
768 1936 867 2000 llassa,
889 1954 905 1991 n

104 2009 319 2082 procuratoribus
329 2006 442 2072 Africae,
454 2009 508 2063 iam
520 2017 582 2063 tuno
591 2010 691 2079 optimo
700 2011 798 2081 cuique
809 2012 905 2067 exitio-

105 2103 163 2149 sus,
174 2092 200 2139 et
209 2085 237 2138 in
246 2101 355 2138 caussas
366 2083 583 2154 malorum-auae
593 2102 656 2138 mox
665 2085 904 2156 tulimus‚saepirrs

104 2161 247 2216 rediturus.
282 2159 376 2217 Festus
386 2159 540 2221 Adrumeto,
552 2159 598 2215 ubi
608 2160 827 2229 speculabundus
837 2162 905 2215 sub-

105 2238 214 2297 adterat,
229 2233 264 2288 ad
274 2233 405 2305 legionem
419 2234 563 2297 contendit,
579 2232 904 2304 praetereumqnacastro-

104 2329 177 2374 rum,
196 2309 349 2365 Cataoniam
360 2310 497 2373 Pisanum,
519 2309 615 2362 vinciri
629 2309 717 2372 iussit,
738 2311 904 2380 proprissob

105 2383 266 2443 simultates:
288 2384 336 2438 sed
350 2386 451 2439 Pisonis
463 2387 599 2439 rotsttitem
614 2384 732 2448 vocabat,
751 2385 905 2456 militesque

105 2470 130 2515 et
143 2460 310 2514 centuriones
323 2459 453 2530 quosdam
469 2459 566 2529 puniit,
580 2457 645 2513 alios
656 2459 782 2529 praemiis
793 2458 902 2516 adiecit:

100 2543 228 2591 neutrum
239 2550 273 2593 ex
285 2534 388 2599 merito,
403 2534 452 2591 sed
461 2542 490 2589 ut
497 2534 663 2604 oppressisse
672 2532 774 2587 bellum
782 2535 905 2603 crerlere·

90 2616 143 2664 tur.
176 2611 243 2668 Mox
254 2609 408 2671 Oeensium
418 2607 905 2684 Leptitanornmouedisoordasoom

70 2685 168 2753 Pvffl't,
188 2705 277 2762 quae,
292 2699 382 2766 raptu
397 2689 521 2766 frugum
534 2693 562 2741 et
572 2677 791 2756 semiramiam
803 2683 938 2742 aarum,
