1950 3016
69 204 131 244 sc.
146 185 195 261 ro.)
262 197 343 243 nra.
362 199 412 248 rr.
433 201 524 249 can.
544 202 666 253 as-ns.
825 199 873 251 tat

70 313 182 369 quoque
191 303 217 351 et
227 304 313 353 vetera
322 300 429 370 imperii
439 301 606 357 munimenta
616 301 774 361 desererent.
795 304 873 373 Quod

70 372 99 427 in
113 388 180 444 pace
196 371 250 427 fors
264 391 312 429 seu
328 382 432 441 natura,
450 384 512 430 tunc
522 375 604 431 latum
621 385 646 431 et
661 378 750 433 iradei
760 370 873 436 vocaba-

70 455 124 504 tur.
167 448 296 520 Ingressis
307 450 452 505 Novesium
462 450 641 507 tertiadecima
655 451 723 525 legio
732 457 874 529 coniungi-

69 530 124 577 tur.
164 522 279 578 Additus
292 524 407 581 Voculae
420 525 455 579 ‘in
470 535 572 597 partem
588 543 713 581 curarum
723 528 873 585 Herennius

69 596 167 653 Gallus
181 597 298 671 legatus:
320 617 369 654 nec
384 602 442 654 ausi
457 600 491 654 ad
503 600 605 655 hostem
620 618 740 675 pergere,
751 602 817 669 loco,
828 605 873 658 cui

68 671 194 727 Gelduba
210 691 305 729 nomen
321 683 369 739 est,
385 683 469 729 rastra
485 673 577 729 lecerc.
617 676 657 730 lbi
670 676 796 731 surrenda
806 678 870 743 acie,

68 747 218 803 muniendo
237 748 414 821 vallandoque
433 758 458 804 et
477 750 570 804 ceteris
589 749 653 805 belli
676 750 873 807 meditamentis

68 822 184 877 militem
199 823 348 878 firmabant.
389 825 475 896 thue
487 824 584 895 praeda
598 825 632 880 ad
644 827 772 893 virtutem
778 845 873 883 accen-

67 894 186 963 deretur,
202 899 230 952 in
245 901 382 970 proximos
397 899 584 973 Gugernorum
597 916 689 974 pagos,
703 903 752 974 qui
762 903 873 958 societa-

67 983 122 1027 tem
134 971 229 1028 Civilis
240 974 506 1045 acceperant,duetus
515 974 634 1031 aVocula
643 978 784 1032 exercitus.
806 978 870 1033 Pars

66 1064 133 1103 cum
143 1049 275 1103 Herennio
285 1048 361 1104 Gallo
370 1050 524 1120 permansit.

123 1124 167 1179 fill.
189 1123 266 1179 Forte
284 1141 390 1188 navem,
411 1124 484 1179 haud
503 1125 595 1196 procul
612 1128 715 1193 castris,
737 1127 870 1182 frumento

66 1214 190 1271 gravem,
205 1216 266 1253 cum
281 1199 403 1270 pervade
414 1199 553 1265 haesisset,
569 1200 696 1256 Germani
705 1203 734 1255 in
744 1220 822 1256 suam
832 1204 869 1257 ri-

66 1289 131 1343 pum
145 1272 293 1328 trahebant.
332 1275 390 1329 Non
406 1274 467 1328 tulit
480 1273 591 1338 Gallus,
606 1276 735 1346 misitque
748 1275 870 1329 subsidio

66 1347 209 1403 cobortom.
252 1347 353 1403 ductus
368 1356 393 1402 et
403 1349 597 1403 Germanorum
612 1366 751 1414 numerus,
765 1349 869 1420 paulla-

66 1422 172 1494 timque
181 1423 388 1496 adgregantibus
398 1441 428 1477 sc
437 1422 557 1487 auxiliis,
568 1423 624 1477 acie
633 1430 771 1477 certatum.
802 1424 868 1479 Ger-

66 1498 143 1552 mani
157 1497 242 1552 multa
261 1515 322 1552 cum
337 1507 425 1571 strage
439 1506 590 1552 nostrorum
610 1514 706 1553 navem
721 1498 866 1569 abripiunt.

65 1572 136 1627 Victi
155 1571 238 1645 (quod
246 1580 303 1627 tum
315 1574 342 1627 in
361 1590 462 1628 morem
480 1570 602 1644 verterat)
621 1590 674 1628 non
694 1589 772 1628 suam
792 1573 869 1646 igna-

65 1647 156 1713 vium,
177 1647 225 1701 sed
243 1647 381 1719 perfidiam
398 1647 475 1721 legati
488 1647 640 1719 culpabant.
680 1649 868 1704 Protraetume

66 1722 189 1786 tentorio,
211 1723 295 1777 scissa
311 1732 392 1785 vesta,
413 1723 550 1778 verberato
566 1740 683 1793 empore,
705 1741 760 1795 quo
772 1725 865 1795 pretio,

65 1796 169 1869 quibus
183 1798 307 1862 asneriis,
322 1797 483 1868 prodidisset
495 1798 652 1864 exercitum,
665 1797 753 1853 dicere
762 1799 865 1856 iubent.

64 1870 144 1925 lladit
152 1871 182 1925 in
193 1871 371 1927 Hordeonium
382 1872 492 1927 invidia.
513 1872 593 1926 Hlum
603 1881 735 1929 auctorem
746 1874 864 1939 sceleris,

64 1945 141 2000 bunc
155 1947 310 2001 ministrum
323 1955 431 2015 vocant3
452 1946 544 2011 donec,
556 1948 668 2002 exitium
679 1949 866 2004 minitantibus

64 2021 217 2086 exterritus,
229 2021 404 2092 proditionem
415 2029 441 2075 et
450 2022 508 2092 ipse
518 2023 665 2079 Hordeonio
674 2023 782 2079 obiecit:
804 2024 866 2077 vin-

64 2102 189 2166 ctusque,
205 2095 320 2151 adventu
334 2096 443 2151 demum
460 2095 573 2151 Voculae
587 2097 743 2152 exsolvitur.
783 2097 808 2150 ls
817 2113 866 2167 po-

63 2176 134 2225 stera
149 2169 193 2225 die
207 2178 325 2226 auctores
340 2171 477 2225 seditionis
491 2179 574 2226 morte
588 2170 691 2226 adfecit.
732 2171 813 2225 Tanta
824 2170 865 2225 illi

64 2246 194 2304 exercitui
204 2244 345 2301 diversitas
355 2247 439 2300 inerat
449 2246 776 2317 licentiaepatientiaeque.
787 2244 866 2300 Haud

63 2319 147 2376 dubie
159 2321 299 2394 gregarius
314 2320 391 2374 miles
404 2319 509 2375 Vitellio
523 2320 608 2375 fidus:
629 2319 864 2390 splendidissimus

63 2395 234 2468 quicquain
258 2395 451 2466 Vespasianum
475 2396 562 2465 proni.
601 2394 666 2448 Inde
684 2393 815 2455 soelerum
834 2413 865 2449 ac

63 2469 259 2541 suppliciorum
273 2470 355 2534 vices,
369 2478 396 2524 et
404 2471 506 2524 mixtus
515 2469 645 2539 obsequio
655 2467 741 2525 furor:
762 2477 793 2524 ut
801 2486 865 2525 con-

63 2545 142 2599 tiueri
152 2562 205 2599 non
214 2552 333 2614 possent,
345 2545 392 2616 qui
401 2544 496 2617 puniri
506 2551 638 2617 poterant.

107 2621 152 2671 28.
166 2617 202 2667 At
211 2617 325 2672 t'irilem
335 2620 475 2678 inmensis
485 2621 622 2679 auctibus
629 2618 905 2679 unraamusma-

63 2686 88 2737 Ι·
98 2685 252 2754 ωοθθῦθίι
266 2693 400 2753 moeurs
414 2699 620 2761 nobilissimis
633 2697 783 2761 obsidum
791 2693 929 2749 armata
