1950 3016
82 199 203 273 uero.)
282 210 362 255 nra.
381 209 417 255 ιι
437 210 526 257 cnr.
547 213 669 259 oe-ct.
845 209 873 259 et

81 326 142 367 aere
154 309 275 374 inlustri,
292 308 382 382 largus
396 312 486 365 animo
495 320 520 365 et
530 328 577 382 par
587 313 693 382 opibus,
704 313 879 367 circumdaret

80 385 197 457 principi
209 384 366 448 ministeria,
377 386 544 439 comitaretur
555 385 710 441 liberaliter:
728 405 759 442 eo
768 390 827 458 ipso
835 389 879 442 in-

80 470 182 535 gratus,
204 460 331 531 quamvis
344 459 436 513 odium
452 459 573 515 Vitellius
584 461 731 515 vernilibus
741 461 877 516 blanditiis

81 535 188 593 velaret.
229 535 336 588 Praesto
350 532 422 587 luere
435 535 562 607 Lugduni
575 536 725 589 victricium
735 538 880 591 victarum-

81 628 133 683 que
146 610 265 681 partium
280 608 372 662 duces.
410 609 545 665 Valentem
556 619 582 664 et
591 609 740 674 Caecinam,
757 628 805 680 pro
817 628 880 665 con-

81 688 155 741 cione
174 683 306 747 laudatos,
327 681 413 736 curuli
428 700 493 737 suae
507 685 707 756 circumposuit.
748 685 880 739 lloxuni-

82 777 191 817 versum
206 759 352 813 exercitum
364 774 500 812 occurrere
512 758 606 814 infanti
622 759 676 815 tilio
685 759 772 814 iubet:
793 758 880 830 perla-

81 843 194 907 tumque
205 842 230 888 et
238 832 425 904 paludamento
433 841 553 902 opertum
564 836 627 888 sinu
634 836 760 899 retinens,
768 835 880 890 Germa-

81 912 174 966 nicum
188 906 340 979 adpellavit,
355 908 492 979 cinxitque
503 911 606 963 cunctis
617 909 735 964 iortunae
745 910 880 981 principa-

82 984 114 1041 lis
132 983 300 1056 insignibus.
339 983 446 1035 Nimius
465 982 548 1037 bonos
569 984 635 1039 inter
652 985 777 1050 secunda,
797 985 879 1039 rebus

82 1059 204 1115 adversis
213 1059 242 1111 in
252 1055 375 1112 solatium
389 1058 476 1110 cessit.

136 1137 180 1189 oo.
201 1133 270 1185 Tum
280 1129 409 1185 interiecti
418 1132 584 1187 centuriones
594 1135 786 1204 promptissimi
797 1133 879 1189 Otho-

82 1211 239 1265 rusorum:
260 1206 331 1261 unde
345 1207 485 1276 praecipua
500 1206 528 1261 in
542 1207 680 1262 Vitellium
699 1209 820 1263 alienatio
832 1226 879 1279 per

82 1284 203 1358 illyricos
221 1283 361 1336 exercitus.
402 1279 487 1335 Simul
502 1290 601 1336 ceterae
615 1282 731 1355 legiones
746 1291 877 1346 contactu,

83 1358 247 1414 etadversus
261 1355 432 1411 Germanicos
447 1355 544 1409 milites
557 1357 668 1421 invidia,
683 1356 784 1410 bellum
795 1356 880 1409 medi-

83 1434 215 1489 tabantur.
254 1429 411 1485 Suetonium
425 1429 577 1484 Paullinum
593 1448 624 1484 ao
636 1432 770 1484 Licinium
783 1431 881 1484 Procu-

83 1506 150 1573 lum,
166 1506 237 1561 tristi
251 1522 322 1560 mora
339 1504 474 1575 squalidos
485 1507 577 1569 tenuit,
591 1505 675 1559 donec
684 1505 777 1568 auditi,
790 1521 881 1558 neces-

82 1584 160 1637 sariis
180 1580 267 1653 magis
286 1579 484 1634 defensionibus
501 1597 583 1651 quam
599 1580 717 1635 honestis
733 1586 877 1633 uterentur.

82 1657 260 1713 Pmditiouem
271 1654 341 1710 ultro
349 1654 519 1725 inputabant:
535 1660 647 1722 spatium
657 1658 728 1724 teupi
735 1663 795 1708 cute
802 1672 880 1722 proe-

83 1736 146 1787 lium
166 1735 278 1789 ittuaric
297 1734 474 1799 satipctiousm
493 1729 704 1794 Othonianorum,
722 1734 880 1797 pemtctum

82 1809 208 1861 ubicutte
215 1821 315 1874 cquae,
331 1822 363 1858 cc
370 1807 496 1872 pleraque
504 1809 621 1872 fortuita,
631 1809 723 1874 frondi
733 1822 797 1859 auce
808 1805 880 1859 adsi-

83 1889 204 1954 gnantes.
241 1880 275 1934 Et
284 1877 407 1933 Vitellius
416 1878 527 1932 credidit
536 1878 568 1932 de
577 1878 696 1950 pertidia,
708 1887 733 1933 et
742 1880 821 1934 tidem
831 1880 879 1934 eb-

80 1955 171 2011 solvit.
211 1953 318 2009 Salvius
332 1954 463 2017 Titianus,
478 1952 590 2008 Othonis
604 1953 690 2020 irater,
708 1954 812 2009 nullum
823 1955 880 2009 dis·

82 2032 185 2087 crimen
194 2028 268 2092 adiit,
280 2030 374 2099 pietate
382 2036 408 2082 et
417 2028 522 2099 ignavia
533 2037 683 2084 excusatus.
710 2030 794 2084 Mario
803 2028 879 2084 Celso

83 2104 236 2163 consulatus
245 2110 375 2157 servatur.
404 2101 456 2156 Sed
465 2102 593 2157 creditum
604 2103 682 2168 tama,
692 2104 879 2172 obiectumque

83 2198 145 2237 mox
158 2182 188 2234 in
201 2186 295 2234 senatu
309 2176 422 2233 Caecilio
437 2176 567 2248 Simplici,
588 2179 660 2250 quod
674 2196 736 2232 eum
752 2178 878 2232 bonorem

82 2255 195 2328 pecunia
205 2253 327 2317 merceri,
342 2252 458 2307 necsina
468 2254 547 2307 exitio
557 2252 637 2317 Celsi,
651 2252 788 2307 voluisset.
828 2251 880 2304 Re-

82 2332 148 2385 stitit
166 2328 303 2393 Vitellius3
325 2327 450 2399 deditque
468 2337 556 2398 postea
576 2326 742 2382 consulatum
758 2324 879 2394 Simplici

83 2405 224 2460 innoxium
239 2412 265 2457 et
279 2405 439 2473 inemptum.
479 2402 637 2457 Trachalum
650 2400 778 2455 adversus
788 2400 878 2454 crimi-

84 2488 176 2535 nantes
186 2477 302 2540 Galeria,
314 2495 381 2532 uxor
391 2475 500 2540 Vitellii,
514 2477 635 2547 protexit.

136 2557 179 2608 ot.
200 2553 272 2605 Inter
283 2568 441 2623 magnorum
458 2551 580 2609 virorum
600 2549 765 2607 discrimina
774 2547 898 2624 lpubeu-

72 2626 138 2677 dum
147 2623 231 2691 dieta)
236 2624 371 2680 Mariccus
380 2627 509 2699 qraidcm,
523 2628 919 2704 spteboitotomnnusue-

61 2692 289 2751 rcseserbrtunee
296 2705 324 2752 et
328 2716 488 2771 provocare
503 2727 590 2768 arma
599 2711 752 2778 Romana,
766 2703 940 2766 simmatus·
