1950 3016
227 188 278 234 nu
298 186 506 234 GERMANIA.
526 188 610 236 GAP.
629 188 719 236 l—l.
819 182 870 238 119

77 297 192 345 veterem
203 297 229 343 et
237 289 283 342 diu
295 296 393 352 001000,
404 295 518 343 serratos
526 288 691 361 bigatosque.
723 289 870 364 Argentum

73 381 184 437 qnoque
195 365 281 436 magis
290 380 371 435 quam
381 380 478 417 aurum
492 372 651 435 sequuntur,
665 363 872 421 nullssdfeetio·

72 439 213 502 unanimi,
228 438 275 492 sed
290 439 353 509 quia
366 455 496 494 numerus
504 447 688 511 argenteorum
699 437 799 495 facilior
808 440 871 495 usui

72 524 114 569 est
123 514 276 586 promisoua
286 530 318 566 ae
327 512 390 567 vilia
399 514 589 568 mereuntibus.

128 592 156 643 o.
177 589 217 642 Ne
232 586 331 642 ferrum
341 587 451 659 quidem
466 595 597 658 superest,
607 587 871 660 sioutexgenerete-

73 663 162 720 lorum
177 661 329 735 oonligitur.
368 663 430 717 Rari
443 661 540 735 gladiis
553 671 599 717 aut
611 662 759 717 maioribus
774 662 871 716 lanoeis

72 747 203 794 nuruum:
224 738 323 801 hastas,
344 736 385 790 vel
402 739 521 807 ipsorum
537 736 666 791 vocabulo
684 741 807 806 fremens,
824 753 872 809 gs·

72 822 148 877 runt,
159 820 307 885 angustent
316 811 391 866 brevi
402 809 479 875 ferro,
488 811 535 865 sed
545 813 579 866 its
590 812 644 867 aori
654 811 722 866 etad
732 828 813 866 usum
823 811 872 866 ha-

72 887 134 952 hili,
150 895 182 941 ut
195 887 287 941 eodem
300 886 362 951 telo,
376 893 455 956 prout
464 887 530 941 ratio
539 888 632 956 poscit,
643 884 685 941 vel
694 886 818 942 eominus
828 884 870 941 vel

70 963 183 1017 eminus
196 969 326 1034 pugnent.
364 959 399 1015 Et
411 976 493 1032 eques
506 961 616 1032 quidem
630 970 704 1016 scuto
716 960 871 1033 frameaque

71 1046 213 1093 eontentus
223 1045 275 1090 ast:
297 1034 398 1106 pedites
412 1043 438 1089 et
450 1035 562 1090 missilia
573 1044 711 1108 spargunt,
724 1034 801 1107 plura
812 1036 870 1091 sin·

72 1110 229 1184 geniumque
237 1112 264 1164 in
275 1111 428 1164 inmensum
434 1109 621 1174 vibrent,nudi
630 1120 677 1165 aut
685 1111 778 1184 sagulo
786 1111 867 1167 leves.

72 1184 156 1239 Nulla
169 1184 258 1239 uultus
269 1183 386 1240 iactatio:
406 1192 481 1239 scuta
496 1193 598 1239 tantum
615 1183 871 1241 lectissimisoolori-

72 1260 128 1315 bus
136 1257 319 1330 distinguunt:
340 1257 552 1328 paucisloricae:
573 1259 620 1313 vix
632 1259 680 1312 nni
695 1259 871 1313 alteriusmo-

72 1331 263 1406 siaantgalos.
301 1332 373 1403 Equi
386 1351 438 1388 non
452 1332 546 1397 forma,
558 1349 610 1387 non
620 1331 756 1387 velooitate
765 1333 872 1402 oonspi-

71 1409 135 1464 eui:
154 1406 203 1463 sed
213 1424 262 1461 neo
272 1408 374 1461 variare
383 1424 474 1481 gyros,
485 1408 514 1461 in
524 1423 625 1461 morem
635 1416 766 1471 nostrum,
776 1406 873 1461 doeen-

73 1491 133 1551 tur;
153 1484 182 1537 in
192 1489 293 1537 rectum
304 1489 349 1536 aut
358 1499 411 1536 000
421 1480 491 1536 flexu
501 1482 606 1536 dextros
616 1489 708 1553 egunt,
715 1482 750 1535 ita
760 1482 873 1535 moiun-

71 1567 116 1615 01)
127 1558 202 1622 orbe,
223 1564 254 1613 ut
266 1574 345 1612 namo
359 1557 486 1627 posterior
499 1557 544 1611 sit
585 1556 614 1610 ln
626 1556 782 1609 0010000000
794 1555 873 1611 00011-

73 1634 170 1697 menti,
185 1631 249 1704 plus
261 1648 343 1702 penes
351 1631 466 1702 peditem
478 1631 593 1687 roboria:
614 1647 700 1702 eoque
708 1631 785 1684 mixti
795 1646 873 1702 proe-

73 1706 185 1772 liantur,
195 1714 255 1777 apta
265 1715 291 1761 et
299 1715 461 1779 congruente
469 1705 503 1760 sd
512 1713 662 1778 equestrem
674 1722 792 1778 pugnam
800 1704 873 1760 velo-

71 1783 153 1837 eitate
161 1781 292 1853 peditum,
313 1798 382 1852 quos
392 1782 508 1836 exomni
523 1779 792 1845 iuventutedsleotos,
812 1789 872 1835 ante

72 1859 159 1912 0010ιο
173 1855 268 1911 locant¹
306 1855 435 1911 Definitum
449 1864 475 1910 et
489 1872 631 1911 numerus:
652 1856 755 1910 oenteni
769 1873 802 1911 ex
814 1856 872 1910 sin·

72 1930 148 2005 30110
156 1932 233 2004 pegia
242 1938 320 1986 sunt:
340 1930 423 2002 idque
433 1931 522 2001 ipsum
532 1932 600 1984 inter
610 1948 673 1986 suos
684 1941 825 1986 vocantur:
846 1937 872 1985 et

71 2005 147 2078 quod
166 2007 254 2077 primo
270 2021 402 2059 numerus
420 2003 480 2070 fuit,
500 2006 554 2059 iam
574 2023 671 2061 nomen
683 2013 710 2060 et
723 2006 806 2060 honor
820 2011 869 2057 est.

72 2079 154 2136 Acies
162 2097 209 2151 per
218 2096 317 2135 euneos
326 2080 502 2149 oomponitur.
542 2079 640 2134 Cedere
649 2080 715 2143 loeo,
727 2076 872 2132 dummodo

73 2171 171 2210 rursus
192 2155 284 2217 instes,
305 2154 409 2208 eonsilii
428 2171 511 2225 quam
529 2153 680 2209 formidinis
700 2152 870 2206 arbitrantur.

72 2228 190 2300 Corpora
199 2245 310 2284 suorum
320 2229 398 2283 etiam
410 2229 438 2283 in
447 2227 538 2283 dubiis
548 2227 655 2298 proeliis
665 2225 791 2281 referunt.
806 2224 873 2278 Scu-

74 2312 134 2359 tum
148 2302 300 2375 reliquisse,
315 2305 489 2374 praeeipuum
504 2301 648 2375 flagitium:
671 2317 720 2355 nee
732 2308 778 2355 aut
790 2301 873 2354 saeris

73 2378 169 2434 adesse
182 2385 229 2433 aut
241 2376 384 2433 eoneilinm
396 2379 465 2433 inim
478 2377 656 2449 ignominioso
666 2373 719 2441 fas3
740 2373 873 2445 multique

74 2454 232 2526 superstites
242 2451 372 2507 bellorum
383 2451 521 2506 infamiam
530 2450 626 2520 laqueo
635 2450 770 2503 finierunt.

129 2528 158 2583 ’1.
178 2528 263 2601 Reges
281 2543 315 2581 ex
335 2526 478 2590 nobilitate,
498 2524 581 2579 duees
594 2541 628 2579 ex
642 2525 740 2579 virtuts
751 2528 876 2577 sumunt.

74 2604 132 2659 Nee
140 2602 249 2674 regibus
256 2600 360 2657 infinita
369 2608 416 2657 sut
425 2599 510 2657 libera
519 2606 656 2673 potestust
665 2597 912 2675 etduoesexemg

63 2675 221 2741 Phfflt'fflr
234 2692 319 2747 quarn
332 2678 471 2754 imperio:
490 2677 519 2735 si
530 2670 928 2754 prospexissemus»
