1950 3016
129 166 159 223 ta
366 166 688 221 uteronraltuat
789 156 923 232 (aaran.

127 277 186 331 tum
205 275 299 334 caetra,
320 286 369 331 uec
381 267 485 332 facilem
499 269 568 331 iuter
582 265 739 329 temulentos
753 284 923 332 consensum,

127 345 294 403 timuissent:
317 362 369 402 nou
379 343 540 416 reipublicae
550 359 623 406 cura,
645 340 925 416 quamioedareprin-

126 420 195 489 cipis
214 420 258 475 sui
278 421 409 492 sanguine
428 419 511 474 sobrii
530 417 671 489 permane
693 416 740 471 sed
752 434 785 470 ne
796 433 844 487 per
853 425 926 471 tene·

126 494 198 559 hras‚
220 501 250 548 ut
268 494 385 565 quisque
399 492 543 552 Pannonici
561 491 603 547 vel
624 491 775 550 Germanici
794 491 926 547 exercitus

127 567 261 624 militibus
277 569 381 633 oblatus
399 576 482 633 esset,
503 565 688 638 ignorantibus
706 565 857 637 plerisque,
877 582 927 636 pro

128 641 230 703 Othone
240 643 424 705 destinaretur.
463 639 547 704 Multa
561 641 726 710 erumpentis
736 639 873 695 seditionis
883 641 927 694 in-

127 717 197 777 dicia
217 734 263 788 per
282 718 401 773 conscios
420 733 560 786 oppressa:
584 715 715 784 quaedam
735 714 808 785 apud
826 713 927 770 Galbae

127 809 206 851 aurea
224 790 372 863 praelectus
385 791 453 846 Laco
466 789 556 854 elusit,
576 790 687 861 ignarus
699 788 858 844 militarium
868 790 927 843 ani-

129 884 245 930 morum,
269 865 429 936 consiliique
446 865 572 936 quamvis
586 864 696 936 egregii,
717 863 791 935 quod
803 881 856 919 non
869 864 928 935 ipsa

129 941 249 1004 adferret,
261 941 399 1003 inimicus,
410 946 437 996 et
445 939 574 995 adversus
584 938 682 1008 peritos
692 940 826 1008 pervicax.

182 1016 225 1075 ⁴27„
247 1014 342 1070 XVIII.
353 1013 412 1068 Kal.
425 1013 503 1090 Febr.
517 1013 676 1073 sacrificanti
689 1030 738 1084 pro
752 1013 816 1069 aede
825 1010 927 1084 Apolli-

128 1089 171 1145 nis
181 1087 281 1145 Galbae
291 1089 425 1159 haruspex
436 1088 589 1145 Umbricius
600 1091 687 1143 tristia
696 1097 758 1143 oeta
769 1093 928 1142 attestantes

127 1168 252 1227 insidias,
278 1181 311 1217 ae
334 1167 499 1216 dmraattoum
522 1165 617 1219 matam
639 1161 781 1232 praedicit,
805 1162 928 1219 audiente

128 1236 232 1292 Othone
249 1236 321 1309 (narn
331 1239 471 1308 proximus
481 1235 623 1308 adstiterat)
640 1236 732 1308 idque,
753 1244 783 1292 ut
801 1235 899 1291 laetum
913 1253 928 1291 e

128 1313 268 1376 contrario,
290 1320 316 1367 et
328 1313 386 1371 suis
396 1311 599 1385 cogitationibus
608 1328 777 1382 prosperum,
798 1313 928 1382 interpre=

127 1395 208 1449 tante.
248 1387 302 1442 Neo
320 1385 405 1444 multo
423 1394 484 1458 post
502 1386 613 1446 libertus
632 1384 792 1442 Onomastus
811 1388 926 1452 nuntiat,

128 1466 277 1529 exspectari
285 1464 791 1530 oamoboroltitectoetrcdomptoribua:
811 1462 929 1533 quaesi-

127 1536 263 1610 gnificatio
277 1537 429 1595 coeuntium
442 1536 496 1591 iam
507 1535 624 1593 militum
635 1543 661 1592 et
669 1544 775 1606 paratae
784 1536 929 1593 coniurati-

127 1612 187 1667 onia
197 1618 362 1667 convenerat.
403 1609 481 1674 Otho,
498 1628 617 1670 caumont
629 1609 929 1683 dtqresauareqriirenti-

126 1687 190 1750 bus,
209 1702 281 1748 curn,
302 1688 418 1745 amiciti
432 1688 544 1752 praedia
560 1693 685 1743 vetustata
698 1696 831 1755 suspectu,
851 1704 929 1755 eoquo

125 1765 203 1830 priua
212 1762 384 1827 ooplormrdo,
395 1759 527 1823 finxisset,
538 1759 649 1822 innixus
660 1758 761 1824 liberto,
773 1761 930 1832 perTiberi-

128 1851 208 1890 anam
218 1834 328 1894 domum
338 1835 367 1889 io
377 1833 531 1899 Velabrum,
538 1834 601 1894 inde
610 1834 794 1893 adldiliarium
805 1853 927 1900 aureum.

128 1909 283 1979 subaedem
293 1907 518 1982 Saturni,pergit.
553 1909 594 1967 Ibi
604 1917 657 1964 tres
667 1918 692 1965 et
701 1910 797 1982 viginti
807 1910 929 1982 specula-

129 1992 197 2044 tores
212 1983 406 2045 consalutatum
420 1989 609 2051 imperatorem,
623 2002 653 2042 ac
666 1986 797 2054 paucitate
810 1984 929 2045 salutan-

129 2059 198 2113 tium
214 2057 357 2128 trepidum,
374 2066 399 2112 et
408 2058 488 2113 sellae
498 2056 651 2119 festinanter
661 2059 820 2130 inpositum,
831 2061 930 2115 strictis

129 2133 307 2188 mucronibus
314 2133 431 2204 rapiunt.
468 2134 586 2189 Totidem
597 2133 680 2187 ferme
688 2133 788 2190 milites
797 2134 825 2189 in
836 2135 930 2191 itinera

129 2208 320 2279 adgregantur:
342 2206 388 2261 alii
398 2209 567 2272 mnscientia.
579 2207 700 2279 plerique
710 2208 853 2275 miracu103
867 2227 929 2280 para

129 2281 245 2336 clamore
264 2288 290 2338 et.
306 2282 414 2353 gaudio,
433 2299 497 2354 pars
515 2282 631 2348 silentio,
650 2283 773 2340 animum
788 2300 822 2340 ex
831 2294 928 2340 eventu

129 2356 275 2424 sumpturi,

184 2433 226 2486 28.
248 2429 392 2487 Stationem
404 2431 433 2486 in
443 2430 536 2487 castris
546 2431 639 2502 agebat
648 2430 734 2488 lulius
743 2432 872 2493 Martialis
881 2435 930 2491 tri-

128 2504 232 2564 bunost
271 2505 306 2569 ls,
327 2506 511 2578 magnitudine
524 2505 608 2561 subiti
622 2505 741 2571 sceleris,
758 2525 792 2568 an
806 2519 929 2580 corrupta

168 2580 315 2644 'menstra
330 2597 369 2644 aa.
390 2580 413 2636 si
428 2588 517 2636 contra
527 2579 652 2644 tenderet,
671 2583 784 2639 exitium
794 2593 929 2651 metuens¹

54 2577 252 2840 5¹⁸st
261 2653 398 2731 plerisque
407 2653 588 2728 crispicionom
596 2657 781 2715 eonscientiae.
812 2657 930 2732 Antapo-
