1950 3016
74 178 204 255 ματα.)
284 188 354 235 ma.
374 188 410 235 rr.
430 188 510 236 can.
530 189 670 238 ss-soo,
835 186 884 239 113

72 294 184 349 siarum
193 288 258 345 flatu
268 290 298 345 in
305 287 441 347 Orientem
451 290 641 363 navigantibus
650 290 810 358 secundum,
820 292 884 349 indo

72 368 299 425 adversumerat.

131 444 178 497 99.
201 440 330 506 Tandem,
345 439 498 511 inruptione
510 438 639 503 hostium,
656 439 789 496 atrocibus
802 442 883 497 undi-

72 534 131 593 que
141 516 249 573 nuntiis
259 516 410 579 exterritus,
425 513 564 569 Caecinam
576 522 602 569 et
612 513 748 571 Valentem
759 517 884 589 expedire

72 594 108 651 ad
127 590 237 649 bellum
257 590 341 647 iubet.
381 589 548 645 Praemissus
562 587 688 645 Caecina:
711 590 883 656 Valenten1‚e

71 668 154 745 gravi
164 666 286 738 corporis
294 663 388 720 morbo
398 671 454 719 tum
464 666 585 735 primum
596 663 794 737 adsurgentem,
809 666 884 721 infir-

73 746 159 801 mitas
168 741 300 797 tardabat.
335 739 425 813 Longe
433 737 485 795 alia
496 738 687 810 proficiscentis
697 758 730 795 ex
742 740 808 795 urbe
818 740 884 797 Ger-

73 814 884 887 maniciexercitusspecieszuonvigoroorporibusmonar-

74 896 125 951 dor
140 892 257 949 animis:
279 888 382 947 lentum
396 896 422 945 et
435 907 527 944 rarum
542 907 556 944 a
605 907 647 954 en,
663 888 734 946 fluxa
744 908 827 955 arma,
841 908 884 946 se-

73 988 147 1047 gnes
166 967 247 1041 equi:
277 965 411 1037 inpatiens
429 963 505 1029 solis,
525 982 563 1037 pu
577 966 655 1029 veris,
680 973 880 1038 tempestatum:

75 1051 270 1121 quantumque
293 1040 376 1097 hebes
393 1040 427 1095 ad
446 1039 635 1096 sustinendum
656 1040 772 1097 laborem
792 1042 903 1113 milesf,

76 1130 152 1177 tanto
160 1116 197 1173 ad
206 1115 353 1173 discordias
361 1116 517 1187 promptior.
537 1113 683 1171 Accedebat
694 1116 747 1173 huc
756 1108 894 1173 Caecinae

77 1195 193 1255 ambitio
201 1200 289 1257 vetus,
305 1199 394 1263 torpor
401 1208 504 1255 recens,
518 1189 601 1245 nimia
612 1190 730 1246 lor-tunae
740 1192 884 1266 indulgen-

78 1273 114 1329 tia
123 1269 209 1327 soluti
217 1269 247 1323 in
257 1266 367 1322 luxum:
378 1282 427 1321 sau
436 1264 576 1339 perfidiam
585 1266 732 1332 meditanti,
740 1266 885 1341 intringere

77 1345 216 1405 exereitus
230 1344 367 1408 virtutem,
381 1342 450 1397 inter
463 1349 532 1395 artes
545 1346 609 1395 erat.
648 1340 791 1396 Credidere
804 1341 886 1413 pleri-

77 1416 150 1497 que,
160 1418 249 1475 Flavii
262 1415 355 1471 Sabini
370 1414 489 1471 consiliis
503 1431 661 1470 concussam
671 1413 799 1471 Caecinae
808 1433 885 1471 men-

77 1506 145 1563 tem,
161 1493 287 1551 ministro
301 1508 455 1547 sermonum
469 1490 571 1545 lluhrio
581 1488 666 1554 Gallo,
680 1498 743 1543 rato
754 1496 826 1558 apud
838 1492 886 1544 Ve-

77 1576 235 1645 pcctanum
245 1574 303 1639 {ora
309 1576 390 1636 pacta
403 1569 574 1623 transitionis.
612 1562 700 1620 Simul
710 1564 832 1621 odiorum
843 1567 886 1621 in-

77 1647 225 1719 vidiaeque
248 1658 311 1717 erga
331 1641 445 1697 Fabium
466 1640 604 1697 Valentem
627 1640 832 1706 admonebatur,
856 1650 885 1695 ut

78 1728 160 1793 inpar
177 1722 252 1789 apud
273 1719 414 1780 Vitelliam,
434 1721 550 1787 crottam
566 1719 685 1787 circaque
703 1721 774 1787 opud
791 1734 884 1772 amum

75 1800 226 1868 principem
234 1800 352 1862 pararat.

136 1874 197 1925 l00.
219 1867 330 1923 Caecina
344 1864 485 1936 complexu
495 1863 594 1920 Vitellii
610 1866 695 1922 multo
708 1883 770 1922 cum
784 1866 884 1922 honore

79 1947 231 2020 digressus,
246 1950 347 2014 partem
360 1942 482 2013 equitum
492 1940 527 1995 ad
535 1943 714 2012 occupandam
725 1943 883 1997 Cremonam

79 2019 230 2095 praemisit.
252 2017 334 2071 -Mox
348 2014 445 2072 vexilla
461 2023 571 2086 quartae
586 2016 703 2071 decimae
713 2024 738 2071 et
748 2017 884 2071 sextaede-

79 2099 166 2153 cimae
186 2092 336 2166 legionum
357 2091 419 2145 dein
438 2092 532 2163 quinta
547 2097 574 2144 et
586 2090 792 2145 duoetvioesima
807 2108 885 2144 secu-

79 2181 136 2227 tae:
157 2177 293 2241 postremo
312 2166 420 2239 agmine
436 2165 642 2220 unaetvicesima
657 2166 748 2236 Rapax
762 2172 788 2218 et
797 2164 884 2234 prima

79 2244 171 2301 Italica
185 2244 328 2306 incessere,
344 2257 407 2296 cum
417 2239 565 2295 vexillariis
579 2241 660 2294 trium
673 2241 884 2294 Britannicarum

79 2316 355 2395 legionumetelsctis
364 2314 484 2371 auxiliis.
515 2314 764 2377 ProiectoCaecina,
778 2313 885 2383 scripsit

78 2396 184 2452 Fabius
194 2391 293 2447 Valens
312 2391 449 2455 exercitui,
471 2407 553 2461 quem
567 2391 626 2461 ipse
639 2389 801 2453 ductaverat,
817 2396 846 2442 ut
856 2391 884 2441 ln

79 2477 176 2527 ttinere
185 2473 359 2537 opperiretur;
368 2471 407 2521 cic
416 2468 467 2520 sill
477 2483 535 2520 oum
543 2465 655 2519 Coccina
665 2468 825 2517 convenisse:
835 2462 884 2533 qui

78 2561 220 2621 praesens,
236 2558 321 2613 eoque
334 2540 454 2609 validior,
469 2546 627 2599 inmutatum
640 2542 671 2595 id
685 2539 827 2596 conuitium
837 2536 897 2591 iin-

72 2622 123 2680 ιίι,
135 2618 381 2682 uttmmemr'ballo
389 2625 447 2675 tota
457 2623 528 2679 mola
536 2627 747 2677 occurreretur.
778 2615 917 2673 ltaaece-

63 2686 281 2813 htrasgrlffles
294 2688 475 2766 Cremonam,
494 2716 565 2774 pars
581 2696 747 2840 Hoemllm
761 2691 939 2773 peteremu-
