1950 3016
95 206 217 280 erat.)
297 218 376 264 nnn.
394 216 430 263 11.
450 216 536 264 oar.
558 218 675 262 oo-or.
847 212 879 262 oo

95 324 180 370 atrum
190 314 350 379 adtulerunt,
360 314 465 370 Vitellio
473 315 607 388 plausere:
628 314 812 385 populusoum
823 314 881 369 lau-

94 407 126 443 ru
145 407 176 443 eo
194 388 304 443 floribus
323 388 422 443 Galbae
439 391 568 461 imagines
585 390 685 442 circum
699 388 795 458 templa
808 388 877 452 tulit,

93 464 226 535 congestis
240 464 269 516 in
283 463 393 516 modum
406 463 502 516 tumuli
511 465 623 526 ooronis,
635 464 707 515 iuxta
716 461 802 515 luourn
813 463 880 516 Cur-

93 537 132 601 tii,
146 553 229 607 quem
240 535 328 590 locum
338 535 420 589 Galba
430 538 544 590 moriens
553 537 683 607 sanguine
694 534 822 588 infecerat.
849 536 879 587 lu

92 617 186 663 senetu
196 618 301 671 cuncta,
313 608 398 680 longis
408 608 519 663 aliorum
528 608 718 678 priucipatibus
728 609 878 677 oomposita,

93 683 182 735 statim
193 681 379 735 decernuntur.
416 681 880 753 AdditeeergaGermanioosexerci-

93 763 136 809 tus
147 754 240 811 laudes
249 764 397 827 gratesque,
404 765 429 809 et
437 756 519 809 missa
530 755 631 827 legatio,
638 771 706 826 quae
715 754 812 826 gaudio
819 752 880 806 lun-

92 838 209 901 geretur.
239 829 368 883 Recitatae
378 828 452 882 Fabii
461 828 577 883 Valentis
586 826 880 898 epistolaeudoonsules

93 904 207 972 scriptae
224 901 297 955 baud
316 902 488 955 inmoderate:
513 903 609 973 gratior
618 902 743 955 Caecinae
754 901 880 955 modestia

93 975 153 1039 luit,
164 974 238 1046 quod
247 992 299 1029 non
308 976 466 1044 scripsisset.

147 1051 191 1103 56.
212 1048 334 1103 Ceterum
353 1048 425 1102 ltalia
443 1048 551 1120 gravius
564 1055 642 1118 atque
655 1049 776 1112 atrocius,
798 1066 879 1118 quam

95 1121 172 1185 bello,
185 1120 373 1175 adflictabatur.
395 1122 512 1191 Dispersi
522 1138 568 1190 per
578 1123 722 1190 municipia
732 1130 757 1175 ot
766 1121 879 1177 uolonias

94 1194 227 1250 Vitelliani
241 1195 363 1264 spoliare,
383 1212 483 1265 rapere,
504 1196 532 1249 vi
544 1203 569 1247 et
577 1195 676 1264 stupris
687 1193 811 1264 polluere.
850 1196 878 1247 ln

93 1286 172 1325 omne
186 1266 227 1323 ias
241 1266 368 1338 nefasque
380 1270 451 1322 avidi
465 1276 510 1322 aut
520 1267 634 1331 venales,
658 1286 710 1322 nou
725 1286 807 1331 seoro,
829 1286 878 1321 non

94 1340 204 1413 profano
212 1342 386 1396 abstinebant.
424 1343 457 1396 Et
467 1341 548 1405 luere,
560 1343 607 1413 qui
617 1343 738 1395 inimicos
749 1357 811 1394 suos
821 1358 881 1409 spe-

93 1418 133 1470 oia
148 1416 265 1469 militum
279 1408 461 1469 iuterfioarent.
500 1416 608 1484 ipsique
624 1413 729 1477 milites,
745 1415 880 1484 regionum

93 1490 181 1563 gnari,
202 1487 309 1542 refertos
318 1506 404 1561 agros,
423 1489 491 1543 dites
503 1489 632 1550 dominos,
644 1490 671 1540 iu
682 1486 814 1557 praedam,
826 1495 879 1551 aut,

94 1564 118 1617 si
131 1571 310 1635 repugnatum
324 1562 396 1627 foret,
412 1562 445 1616 ad
459 1563 592 1615 excidium
603 1560 780 1614 destinabant:
801 1560 882 1614 obno-

94 1636 148 1691 xiis
161 1634 276 1690 ducibus
290 1644 315 1689 et
328 1636 467 1707 prohibere
477 1653 528 1690 non
539 1636 621 1689 ausis.
661 1635 749 1687 ldinus
759 1635 881 1687 avaritiae

94 1710 122 1763 in
132 1708 255 1773 Caecina,
271 1710 332 1779 plus
341 1710 505 1764 ambitionis:
526 1709 631 1773 Valens,
641 1708 675 1761 ob
686 1707 756 1761 lucra
767 1716 881 1779 etquae-

94 1792 152 1837 stus
162 1781 281 1847 infamis,
297 1800 380 1854 eoque
392 1782 492 1837 alienae
504 1784 581 1837 etiam
592 1782 683 1853 culpne
693 1781 879 1836 dissimulator.

95 1856 150 1910 lam
170 1855 273 1927 pridem
298 1856 398 1910 adtritis
417 1856 504 1909 ltaliae
523 1856 615 1921 rebus,
641 1864 741 1908 tantum
763 1856 880 1926 peditum

95 1931 281 2057 ffluitumque,
303 1931 344 1983 vis
362 1930 513 2001 damnaque
531 1938 557 1984 et
574 1930 687 1983 iniuriae
701 1947 776 2002 aegre
790 1930 883 1984 tolera-

129 2012 200 2057 ntur.

149 2078 192 2131 ot.
214 2076 320 2129 interim
331 2076 462 2139 Vitellius,
476 2076 598 2130 victoriae
607 2093 671 2129 suae
681 2076 795 2139 nescius,
812 2082 841 2127 ut
850 2072 883 2127 od

95 2152 230 2225 integrum
245 2148 354 2215 bellum,
375 2150 491 2220 reliquas
506 2148 654 2203 Germanioi
669 2150 798 2203 exercitus
813 2147 882 2200 vires

95 2224 223 2279 trahebat.
261 2222 342 2277 Pauci
357 2232 473 2277 veterum
488 2222 603 2277 militum
618 2224 646 2276 in
661 2221 779 2291 hibernis
790 2219 881 2276 relicti,

95 2296 225 2353 festinetis
235 2312 281 2366 per
292 2296 390 2350 Gallias
400 2296 552 2361 delentibus,
563 2304 592 2351 ut
602 2296 792 2349 remanentium
804 2292 884 2362 legio-

95 2388 162 2425 num
187 2368 294 2423 nomina
319 2370 513 2441 supplerentur.
552 2369 620 2424 Cura
643 2371 715 2438 ripae
739 2364 883 2418 Hordeonio

96 2444 190 2498 Flecoo
204 2443 347 2514 permissa:
368 2444 426 2513 ipse
439 2462 454 2497 e
465 2442 611 2496 Britannico
623 2441 721 2495 delectu
735 2446 791 2492 uoto
800 2438 882 2491 millia

96 2518 148 2572 sibi
159 2516 290 2571 adiunxit.
328 2516 370 2580 Et,
383 2534 528 2587 pauooruru
543 2517 648 2570 dierum
660 2515 708 2566 iter
718 2528 891 2585 progressus,

110 2606 231 2656 resperas
238 2589 312 2657 apud
316 2590 472 2646 Bedriacum
485 2610 540 2658 res,
553 2609 587 2647 ao
596 2586 808 2646 mortebtboriis
816 2586 908 2642 eonon·

104 2658 271 2722 &Sebssllflfflr
285 2665 395 2735 mpii·
442 2668 543 2725 Vooau
557 2668 710 2735 oouoione,
719 2667 863 2723 uirtutem
868 2658 930 2716 uix-
