1950 3016
95 213 128 264 76
332 216 653 264 ursronrnuuu
750 206 883 282 (sarm

96 335 152 373 rem
170 325 249 388 atque
266 317 358 373 odium
377 317 469 372 caedes
487 316 598 386 Galbam
619 325 707 372 contra
721 316 762 372 illi
776 318 883 372 initium
925 362 927 375 .

96 391 158 448 belli
169 393 399 464 nemoinputabat.
429 392 549 447 Vitellius
559 400 649 447 ventre
659 401 684 447 et
692 392 756 465 gula
765 392 817 447 sibi
827 393 885 463 ipse
925 426 927 453 r

95 467 192 534 hostis;
213 466 281 523 Otho
291 468 367 532 luxu,
379 468 497 531 saevitia,
509 468 626 532 audacia,
638 467 799 538 reipublicae
808 468 885 522 exiti·

95 543 165 598 osior
179 542 332 596 ducebatur.
372 540 525 596 Coniunctis
535 541 660 596 Caecinae
673 559 704 595 oc
713 541 885 597 Valentisoo-
924 562 927 577 ⁴

94 619 157 689 plis,
169 617 241 671 nulla
251 616 320 672 ultra
329 633 410 687 penes
419 615 572 671 Vitellianos
580 634 662 679 mora,
673 617 739 687 quin
749 617 811 671 totis
821 617 886 671 virl-
925 636 927 643 ·

95 693 146 749 bus
160 700 295 746 certarent.
335 690 403 745 Otho
415 689 581 755 consultavit,
598 691 665 745 trahi
679 690 779 744 bellurn
789 709 823 745 an
835 689 886 745 lor-
924 682 927 759 ξ

95 776 186 823 tunam
201 767 314 836 experiri
334 764 455 835 placeret.
495 765 563 819 Tum
578 765 719 820 Suetonius
736 764 883 830 Paullinus,
923 764 927 825 l

93 843 206 916 dignum
217 840 285 894 lama
296 857 344 893 sua
355 849 437 904 ratus,
445 857 498 910 qua
509 857 586 894 nemo
596 839 641 893 illa
651 847 803 910 tempestate
813 838 893 901 mili-,
924 836 927 897 l

94 918 157 972 taris
171 917 209 969 rei
222 913 340 968 callidior
350 914 503 978 habebatur,
515 914 547 968 de
558 923 608 968 toto
617 930 712 986 genere
721 914 784 968 belli
794 931 886 968 oense
921 904 927 969 l

94 1009 131 1056 re,
141 994 329 1059 festinationem
339 993 458 1051 hostibus,
468 1007 565 1043 moram
574 994 638 1056 ipsis
647 993 734 1042 utitem
743 989 882 1045 disseruit:
923 974 927 1017 ¹

148 1067 189 1119 ³2.
210 1064 361 1117 Exercitum
385 1065 478 1118 Vitellii
500 1068 646 1117 nniversam
665 1068 810 1118 calatenissa:
839 1080 883 1118 nec
922 1022 927 1111 l

93 1142 201 1193 maltum
209 1143 305 1192 uirium
316 1157 334 1192 a
343 1148 421 1206 terqc,
434 1143 553 1206 quonium
566 1138 667 1192 Galliae
677 1147 797 1198 tumeant,
808 1148 832 1192 et
840 1142 884 1192 de-
925 1116 927 1181 l

93 1231 177 1268 serere
192 1214 271 1267 Rheni
285 1218 378 1281 ripam,
396 1217 540 1280 inrupturis
555 1221 607 1265 tam
621 1216 719 1282 infestis
728 1214 883 1279 nationibus¹
925 1214 927 1239 ⁵

93 1306 145 1343 non
158 1292 296 1342 comeant:
316 1289 497 1342 Britannicam
508 1286 884 1342 mititemhosteetmarr'disti-
925 1322 927 1355 :

93 1368 164 1418 neri:
184 1363 325 1431 Hispanias
339 1367 422 1417 armis
435 1366 534 1415 nonita
545 1366 704 1416 redundare:
722 1366 885 1430 prouinciam
924 1370 927 1425 !

94 1439 283 1494 Narbonensem
296 1442 403 1491 incursu
417 1440 508 1490 classis
520 1446 545 1490 et
557 1441 665 1490 adverso
672 1441 771 1504 proelio
785 1446 884 1491 contre·
925 1438 927 1521 l

94 1514 478 1579 mnisse:elonsam1llpilms,et
487 1513 558 1564 nullo
567 1516 648 1564 maris
657 1515 779 1574 subsidio,
788 1513 883 1566 Trans-
925 1534 927 1591 5

91 1593 223 1658 paduanum
232 1589 345 1648 ltaliam,
358 1597 435 1654 atque
444 1590 500 1653 ipso
511 1590 623 1639 transite
631 1591 761 1640 exercitus
769 1596 883 1642 castam:

94 1681 147 1716 non
152 1667 307 1731 framentum
316 1678 424 1729 nsquam
434 1664 568 1722 eaemcitni,
575 1677 620 1714 nec
631 1665 772 1714 sancitam
780 1666 883 1715 einero-

91 1740 144 1805 piis
154 1740 260 1789 retineri
270 1752 351 1803 posse.
381 1736 437 1788 lam
449 1734 597 1797 Gemranos,
611 1740 678 1803 qaod
687 1753 765 1804 aenne
774 1739 884 1790 militum

93 1814 164 1879 apud
178 1813 259 1864 nostes
277 1814 466 1863 atrocissimum
479 1814 520 1872 sit,
543 1818 626 1864 tracto
641 1815 668 1863 in
680 1819 801 1864 aestatem
811 1814 882 1874 bello,

93 1891 173 1954 {lunis
183 1888 340 1952 corporibus,
355 1889 518 1938 mutationem
528 1888 578 1938 soli
588 1888 701 1953 caelique
709 1889 778 1938 nand
789 1889 884 1940 totera-

94 1970 173 2015 turos.
211 1961 296 2013 tlluita
311 1961 384 2020 bella,
401 1963 487 2026 inpetu
501 1963 597 2021 valida,
609 1977 657 2027 per
670 1964 755 2014 taedia
764 1968 788 2013 et
798 1977 884 2015 moras

93 2039 232 2089 evannisse.
263 2034 357 2088 Contra
366 2039 430 2101 ipsis
439 2040 524 2088 omnia
535 2037 654 2102 opulenta
664 2043 687 2087 et
697 2038 763 2103 fida:
783 2035 884 2090 Panno-

92 2116 172 2171 niam,
184 2110 315 2169 Moesiam,
328 2110 492 2170 Danastium,
505 2109 641 2169 Orientem,
654 2127 710 2162 cam
719 2114 827 2177 intearis
837 2128 884 2164 eac·

93 2186 228 2248 aristeas·
248 2184 352 2237 ltaliam
365 2193 388 2237 et
403 2192 480 2251 caput
493 2201 579 2237 rerum
594 2187 695 2236 urbem:
720 2193 884 2253 senatumque

94 2267 118 2311 et
134 2261 256 2325 poputum
275 2275 412 2326 numquam
429 2262 538 2311 obscura
550 2263 663 2320 nomina,
683 2264 730 2312 etsi
743 2262 884 2328 miqnnndo

94 2335 288 2397 obumbrantem
306 2336 424 2400 paraticas
441 2338 608 2400 priamusque
627 2349 686 2400 opes
705 2342 728 2386 et
745 2339 885 2388 incensam

92 2412 236 2476 pecuniam,
243 2414 310 2461 inter
321 2411 407 2460 civiles
416 2411 560 2459 discordias
569 2412 640 2474 [erro
649 2410 814 2474 calidiorem
825 2426 885 2463 cor-

92 2499 159 2549 pora
169 2485 278 2536 militam
290 2490 336 2535 eat
347 2482 438 2534 Italiae
451 2489 532 2541 sueta,
547 2485 721 2536 naturatibus.
760 2482 885 2537 Obiacere

82 2561 183 2621 flueren
200 2558 308 2620 Padum,
330 2563 400 2609 tutas
418 2559 484 2609 ciris
504 2560 633 2624 murisque
653 2559 741 2620 urbem
766 2561 885 2623 equibus

89 2633 176 2682 ullam
190 2634 265 2686 hosti
282 2648 427 2695 cessuram,
445 2632 596 2687 Placentiae
614 2633 759 2697 detentore
775 2632 899 2690 septura-

21 2642 124 2824 ἵ
163 2704 413 2766 harenaceae
426 2711 539 2765 beilum.
570 2708 668 2764 Paucis
677 2703 770 2756 disens
780 2705 919 2762 ΨΜ·
