1950 3016
120 190 171 245 3l2
356 191 412 239 DE·
426 189 681 239 ORATORIBUS
739 214 743 219 -

119 293 187 367 quid
200 300 226 349 et
235 293 300 349 eniti
310 292 420 349 formasa
434 310 556 365 possam,
569 292 604 348 ita
614 291 767 346 recitatione
777 287 928 362 tragoedia-

119 387 181 424 rum
191 368 295 441 ingredi
305 368 404 424 lamam
414 370 568 439 auspicatus
577 385 650 431 sum,
662 373 720 421 tum
731 364 854 437 quidem,
861 381 924 418 eum

118 445 148 499 in
158 445 261 498 Nerone
276 445 442 515 inprobatam
456 452 482 497 et
496 442 768 514 studiorumquoque
777 457 853 495 sacra
863 455 925 510 pro-

119 518 253 573 fanantem
268 519 368 573 Vatinii
381 518 525 590 potentiam
541 516 620 589 fregi:
642 524 668 569 et
682 516 771 580 bodie,
783 515 808 568 si
818 515 886 586 quid
895 517 925 571 in

119 594 197 649 nobis
216 594 323 648 notitiae
341 610 372 647 ac
391 593 508 647 nominis
527 599 577 656 est,
599 591 687 663 magis
700 591 814 646 arbitror
826 590 926 644 carmi-

120 686 197 733 num,
210 686 293 740 quarn
303 670 463 732 orationum,
471 665 556 740 gloria
566 673 683 736 partum.
712 663 753 719 Ac
762 666 817 720 iam
828 682 874 718 me
882 681 926 718 ee-

118 743 231 815 iungere
245 761 260 797 a
274 741 372 798 lorensi
386 742 474 797 labore
487 741 627 808 constitui,
648 757 698 794 nee
707 741 849 795 comitatus
860 741 925 795 istos

119 827 145 873 et
159 835 284 890 egressm
297 827 343 872 aut
357 817 534 889 frequentiam
549 814 739 871 salutationum
752 816 923 885 concupisco,

118 909 173 955 non
188 895 274 965 magis
288 909 371 964 quam
387 909 448 947 aare
457 900 483 946 et
492 891 635 964 imagines,
650 907 720 962 quae
729 891 811 944 etiarn
822 907 867 945 me
878 906 926 945 no-

119 966 188 1022 lente
198 970 225 1021 in
239 967 350 1022 domum
361 984 452 1021 meum
463 968 632 1036 inruperunt.
664 966 733 1020 Nam
745 973 848 1023 statum
858 965 925 1019 huo-

118 1058 208 1112 usque
225 1058 256 1095 ac
273 1042 442 1096 securitatem
456 1040 555 1095 melius
569 1040 719 1095 innocentia
733 1047 819 1104 tueor,
840 1057 924 1112 quarn

119 1115 283 1187 eloquentie:
305 1133 355 1170 nee
369 1133 470 1180 vereor,
484 1133 519 1169 ne
529 1116 597 1170 mihi
609 1133 740 1186 umquam
750 1114 832 1169 verba
842 1116 872 1170 in
882 1131 925 1169 ee-

120 1200 195 1255 natu,
207 1191 261 1245 uisi
271 1208 319 1262 pro
330 1189 439 1245 alterius
448 1190 614 1255 discrimine,
627 1188 746 1244 lenienda
756 1190 821 1245 sint.

175 1269 216 1323 ta.
238 1267 351 1321 Nemora
367 1284 429 1321 vero
441 1275 467 1320 et
481 1265 534 1320 luci
550 1273 716 1319 etsecretum
726 1265 829 1336 ipsum,
852 1263 923 1337 quad

118 1338 190 1412 Aper
199 1341 361 1412 increpabat,
378 1349 477 1395 mutam
493 1340 561 1394 mibi
575 1338 698 1395 adierunt
708 1339 884 1410 voluptatem,
895 1347 923 1393 ut

119 1416 185 1471 inter
209 1419 366 1488 praecipuos
385 1417 536 1470 carminum
556 1413 659 1469 fructus
680 1431 832 1480 numerem,
850 1413 923 1487 quod

119 1507 169 1545 nec
183 1493 211 1546 in
224 1493 347 1563 strepitu,
363 1508 412 1545 nec
424 1491 532 1546 sedente
542 1498 602 1544 ante
610 1490 710 1544 ostium
721 1489 863 1563 litigatore,
876 1505 924 1545 nee

118 1565 188 1621 inter
198 1566 289 1621 sordes
299 1584 330 1620 ee
340 1566 464 1621 lacrimae
474 1582 580 1621 reorum
590 1573 803 1635 componuntur;
823 1564 923 1619 sedse-

118 1641 188 1695 oedit
200 1643 308 1696 enimus
323 1642 351 1695 in
362 1640 417 1696 loca
426 1658 493 1712 pura
504 1650 584 1711 atque
594 1640 754 1704 innocentia,
769 1637 924 1711 fruiturque

118 1714 229 1769 sedibus
245 1716 337 1770 saeris.
377 1716 447 1770 llaec
456 1714 622 1786 eloquentiae
631 1713 788 1786 primordia,
800 1713 923 1785 baecpe-

118 1788 242 1845 netralia:
264 1790 315 1844 boe
328 1791 448 1861 primum
458 1789 551 1844 babitu
562 1787 691 1861 cultoque
701 1788 840 1844 commoda
852 1806 923 1843 mor-

118 1861 227 1928 talibus,
244 1865 272 1918 in
283 1862 328 1917 ille
339 1874 408 1919 casta
423 1875 449 1918 et
460 1863 544 1918 nullis
554 1872 670 1919 contacta
682 1863 755 1918 vitiis
765 1871 872 1934 pectora
880 1864 923 1919 in-

117 1935 209 1992 fluxit:
231 1939 271 1993 sic
282 1938 388 1993 oracula
403 1938 588 2010 loquebantur.
628 1939 696 1994 Nam
707 1937 827 1992 lucrosae
838 1938 924 1993 buius

118 2020 144 2067 et
157 2014 343 2086 sanguinantis
358 2013 524 2085 eloquentiae
534 2031 601 2069 usus
612 2030 704 2068 reeens
714 2020 740 2067 et
749 2012 829 2067 malis
840 2014 924 2068 mori-

117 2087 170 2142 bus
181 2097 269 2153 natus,
281 2096 370 2159 atque,
382 2098 413 2141 ut
423 2096 451 2141 tu
461 2087 577 2152 dicebas,
592 2087 672 2159 Aper,
684 2089 712 2142 in
724 2087 812 2142 locum
824 2087 871 2143 teli
880 2105 923 2142 re·

117 2172 219 2235 pertus.
259 2162 382 2219 Ceterum
395 2161 459 2217 lelix
469 2161 536 2217 illud
545 2171 580 2227 et,
593 2170 622 2217 ut
632 2180 705 2217 more
716 2172 806 2218 nostro
816 2161 920 2235 loquar,

117 2255 230 2292 aureum
239 2237 387 2302 saeculum,
403 2246 429 2291 et
439 2245 573 2292 oratorum
583 2246 608 2292 et
617 2238 763 2292 criminum
774 2237 864 2308 inope,
874 2255 922 2308 po-

117 2313 168 2367 etis
178 2321 204 2365 et
213 2313 319 2367 vatibus
328 2312 490 2376 abundabat,
505 2313 554 2383 qui
564 2312 631 2366 bene
641 2310 708 2366 lacta
717 2322 853 2378 canerent,
869 2331 923 2369 non

118 2387 166 2460 qui
185 2385 255 2441 mele
273 2386 390 2441 admissa
408 2385 587 2442 defenderent.
627 2388 682 2441 Nec
700 2386 765 2441 ullis
778 2396 825 2442 aut
837 2387 922 2462 gloria

118 2463 211 2526 maior,
228 2470 274 2515 eut
287 2463 424 2535 augustior
436 2461 534 2516 bonor:
556 2461 675 2532 primum
686 2462 759 2533 apud
768 2462 842 2528 deos,
854 2480 922 2535 quo-

109 2554 174 2591 rum
187 2535 311 2609 prolerre
326 2554 453 2611 responsa
467 2544 493 2591 et
506 2537 634 2591 interesse
650 2536 739 2607 epulis
752 2535 919 2594 ferebantur:

97 2610 202 2668 deinde
223 2613 300 2689 apud
321 2614 384 2674 illos
406 2614 461 2672 diis
479 2613 586 2689 gemtus
601 2615 924 2680 saeuosquemqee,inmr

83 2700 163 2755 quos
182 2695 339 2754 neminem
349 2692 598 2755 caussitl'tuorum,
615 2680 950 2752 sedbrqpeaeeximam,
