1950 3016
242 210 448 257 Dranoous.
469 211 547 258 CAP.
568 212 609 271 υ.
629 212 670 258 42.
763 203 766 206 Δ
805 205 850 258 Sil

55 311 89 368 do
104 319 191 365 umen
206 312 351 364 minimum
368 328 436 365 usus
451 311 649 382 minimumque
663 310 795 382 proiectus
811 328 855 365 ars

55 385 187 440 medentis
202 385 281 440 habet
294 386 322 439 in
337 386 380 439 his
393 385 528 461 gentibus,
540 402 609 457 quae
619 386 772 441 lirmissima
784 385 856 441 vals-

55 460 148 514 tudine
159 477 189 513 ac
202 460 386 514 saluberrimis
399 460 555 530 eorporibus
570 468 694 515 utuntur:
716 462 755 514 sic
769 462 855 514 minor

55 545 189 590 oratorum
203 535 395 606 obscuriorque
408 536 492 609 gloria
503 545 542 588 est
551 536 620 590 inter
631 536 712 589 lnnos
723 552 819 598 mores,
831 543 856 588 et

54 610 84 664 in
104 610 264 681 obsequium
285 612 400 683 regentis
409 621 522 682 paratos.
562 608 634 675 Quid
649 611 720 663 enim
735 626 803 679 opus
817 617 857 663 est

55 683 145 757 bagis
163 685 192 738 in
211 692 303 739 senatu
323 686 476 749 sententiis,
492 702 556 738 cum
571 685 664 755 optimi
678 685 731 738 olto
744 700 857 738 eonsen-

55 759 140 813 tiant‘l
158 759 225 830 quid
236 758 327 813 multis
339 760 410 830 apud
420 758 550 830 populum
561 758 812 822 concionibus,cum
824 757 857 811 de

56 833 194 904 republica
209 852 260 888 non
276 836 383 905 inperiti
395 843 423 888 et
436 832 514 888 multi
525 834 679 897 deliberent,
692 833 739 886 sed
749 834 856 904 sapien-

55 909 180 962 tissimus
201 917 228 962 st
246 908 336 962 unus‘l
363 908 432 979 quid
454 908 610 963 voluntariis
629 908 854 972 adcusationibus,

55 1000 118 1039 cum
139 991 192 1037 um
208 1001 266 1038 raro
281 991 307 1037 et
320 988 373 1039 tarn
384 1000 462 1054 parce
477 983 617 1054 peccetur?
639 982 856 1055 quidjuvidiosis

55 1062 83 1112 st
93 1058 283 1125 excedentibus
297 1058 406 1112 modum
419 1057 629 1122 defensionibus,
641 1076 701 1112 curn
717 1058 855 1114 clementia

56 1133 241 1205 cognoscentis
249 1133 355 1187 obviarn
365 1132 575 1203 periclitantibus
586 1133 644 1187 eat-‘l
662 1133 779 1195 Credite,
787 1134 857 1204 opti-

56 1210 106 1271 mi,
118 1216 144 1261 et
152 1209 180 1261 in
191 1216 322 1279 quantum
331 1225 400 1278 opus
409 1217 458 1272 est,
470 1208 640 1264 disertissimi
652 1209 714 1272 viri,
725 1209 748 1262 si
759 1218 856 1262 autvos

56 1282 193 1354 prioribus
212 1281 335 1345 saeculis,
357 1292 403 1335 aut
417 1282 475 1345 isti,
491 1299 560 1353 quos
575 1284 719 1345 miramur,
744 1283 787 1336 lus
803 1282 856 1336 nati

58 1365 156 1420 essent,
170 1374 201 1410 ac
212 1356 280 1411 deus
290 1355 389 1426 aliquis
403 1359 471 1409 vitas
481 1365 583 1409 vestras
595 1373 626 1409 ac
635 1364 751 1424 tempora
762 1373 858 1425 repen-

56 1440 84 1487 to
97 1439 236 1494 mutasset,
249 1448 296 1484 nec
307 1430 383 1483 vobis
397 1447 503 1483 summa
513 1429 557 1483 illa
571 1429 628 1483 laus
639 1439 663 1482 et
671 1428 754 1501 gloria
765 1432 793 1483 in
805 1429 858 1485 olo-

57 1507 176 1580 quentia,
194 1523 281 1576 neque
297 1502 351 1559 illis
365 1503 462 1558 modus
476 1513 502 1557 et
510 1513 746 1574 temperamentum
755 1503 859 1558 deluis·

57 1591 107 1638 set.
147 1582 235 1645 Nunc,
258 1583 385 1651 quonism
406 1594 484 1633 nemo
503 1578 593 1633 eodem
614 1586 732 1648 tempore
747 1578 858 1650 adsequi

56 1663 143 1729 potsst
157 1672 282 1728 magnam
298 1654 394 1708 lamam
411 1663 438 1706 et
444 1670 569 1726 magnam
582 1655 710 1724 quietem,
723 1653 792 1707 bono
801 1666 859 1707 sae-

57 1731 112 1787 culi
123 1732 166 1786 sui
177 1733 295 1801 quisque
305 1730 368 1783 citra
377 1728 590 1783 obtrectationem
602 1726 710 1782 alterius
721 1724 819 1782 utatur.

114 1808 156 1860 ta.
179 1806 295 1858 Finierat
305 1805 448 1856 Maternus.
470 1802 538 1856 Turn
550 1803 675 1856 Messala:
696 1802 859 1876 Eranuq'ui-

57 1878 111 1937 bus
124 1879 344 1944 contradicerem
374 1885 458 1942 erant,
473 1876 621 1949 dequibus
638 1877 714 1949 plura
733 1879 786 1933 dici
803 1877 859 1932 vel-

58 1953 121 2020 lem,
137 1956 189 2009 nisi
202 1956 255 2008 iarn
272 1953 329 2006 dies
345 1961 413 2007 esset
427 1960 544 2007 exactus.
585 1953 651 2016 Fiet,
662 1954 751 2025 iuquit
763 1953 859 2006 blater-

58 2048 121 2093 nus,
143 2038 232 2100 postea
242 2028 370 2081 arbitratu
381 2035 436 2092 tuo,
454 2028 512 2082 etsi
522 2044 576 2098 qus
587 2027 756 2082 tibiobscnra
769 2028 798 2080 in
809 2027 859 2081 boo

58 2121 119 2160 meo
129 2120 250 2158 sermone
261 2103 318 2157 visa
329 2110 401 2167 sunt,
413 2101 446 2157 de
455 2101 499 2157 bis
509 2118 603 2157 rursus
612 2101 789 2157 conseramus.
820 2100 858 2154 Ao

58 2178 141 2234 sirnul
158 2179 305 2250 adsurgens
320 2185 346 2231 et
355 2176 458 2247 Aprum
469 2176 634 2246 complexus,
648 2176 712 2248 Ego,
724 2175 822 2246 inquit,
833 2184 859 2228 te

59 2256 154 2326 postis,
164 2251 277 2307 Messala
288 2252 448 2322 antiquariis
457 2251 670 2305 criminabimur.
710 2250 859 2323 Ategovos

58 2328 211 2383 rhetoribus
222 2335 246 2380 et
255 2325 431 2391 scholasticis,
443 2326 541 2398 inquit.

115 2401 185 2456 Cum
196 2401 362 2464 adrisisseut,
373 2399 558 2455 discessimus.

363 2648 574 2679 ψ..
