1950 3016
66 163 185 239 aare.)
280 174 361 221 nan.
381 174 402 219 r.
424 173 511 223 oar.
532 174 572 219 eo.
593 174 634 220 aa.
830 173 857 225 at

116 276 161 329 to.
184 272 325 345 Trepidam
336 273 442 339 urbem,
453 291 483 328 ao
493 272 575 329 simul
583 276 743 331 atrocitatem
751 279 863 332 recentia

65 347 182 414 sceleris,
195 347 278 405 simul
289 356 391 403 veteres
400 347 511 403 Othonis
522 366 609 403 morea
618 359 767 419 paventem,
776 370 863 407 navus

65 425 175 495 insuper
186 423 220 479 do
229 422 336 480 Vitellio
345 424 456 479 nuntius
466 425 602 488 exterruit,
613 432 674 479 ante
682 425 787 479 eaedem
800 428 864 481 Gal-

65 498 111 555 ltae
125 514 303 570 suppressus,
319 504 359 565 ut,
376 506 477 554 tantum
490 499 636 569 superioris
650 499 807 554 Germaniae
816 521 864 556 ex-

64 574 176 631 ercitum
196 573 353 639 descivisse,
372 573 529 631 crederetur.
568 574 637 627 Tum
656 578 728 636 duos,
751 581 863 629 omittam

64 653 213 705 mortalium
235 652 405 716 inpudicitia,
426 652 546 715 ipauoia,
570 651 680 702 lunarta
703 652 861 713 deterrimos,

64 727 131 778 oelul
147 728 185 777 ad
196 726 357 791 perdendum
370 727 505 790 imperium
519 725 637 791 fataliter
649 725 748 785 electos,
760 741 811 779 non
822 742 863 777 so-

66 806 143 853 natan
152 796 235 853 modo
244 804 270 851 et
279 812 371 867 eques,
382 800 445 868 quls
455 795 543 868 aliqua
556 813 617 867 pars
627 806 652 851 et
660 814 723 851 cura
734 798 864 868 reipubli-

65 889 116 938 cae,
131 871 182 925 sed
193 870 410 943 vulgusquoque
423 870 512 941 palam
527 888 651 927 moerore.
690 872 746 925 Neo
758 874 811 927 iam
823 891 865 926 re-

65 948 148 1003 centia
164 962 261 1001 saevae
272 946 345 1016 pacis
358 945 489 1016 exempla,
505 945 551 999 sed
565 946 672 1016 repetita
682 946 813 1001 bellorum
825 948 864 1002 ai-

65 1020 160 1077 tilium
171 1020 314 1077 memoria:
329 1029 432 1087 captam
440 1024 531 1073 totiena
540 1025 595 1075 auia
604 1025 760 1076 conciliaus
765 1026 861 1085 ualeat,

64 1102 212 1153 oaatitatctu
225 1096 328 1157 Italiae,
343 1098 499 1162 direptiones
508 1099 712 1162 provinciarum,
728 1097 863 1151 Pharsali-

64 1189 113 1234 aua,
126 1170 259 1237 Pttltppos
268 1177 292 1223 ct
301 1170 435 1223 Panaciam
443 1170 683 1232 aclllutioam,nota
693 1169 862 1241 publicarum

64 1244 182 1303 cladium
193 1244 311 1308 uomina,
323 1240 507 1314 loquebantur.
547 1245 628 1311 Prope
642 1262 756 1299 evasum
766 1250 860 1309 moena,

64 1324 141 1375 etiam
160 1336 221 1375 cum
239 1322 270 1373 ds
281 1321 434 1386 principata
448 1323 516 1373 inter
530 1321 607 1373 boaoa
621 1328 773 1374 certaretur.
812 1320 863 1375 Sed

63 1398 190 1449 amasim
211 1391 238 1447 (L
256 1394 333 1455 lulio,
353 1396 477 1447 mantuae
499 1391 610 1447 Caesare
624 1394 740 1460 Atrpitelo
756 1398 861 1456 auctore,

63 1472 216 1539 imperium:
249 1484 401 1525 mouauram
421 1471 500 1536 [uiam
522 1470 570 1521 aab
593 1468 710 1534 Pompeio
733 1468 864 1535 Brutoque

63 1546 257 1613 rempublicam
285 1541 361 1597 Nunc
368 1559 420 1610 pro
431 1540 535 1605 ollone,
546 1558 581 1597 aa
588 1558 639 1609 pro
653 1541 754 1595 Vitellio
763 1546 790 1595 ia
801 1551 863 1595 teas-

63 1622 106 1689 pla
116 1614 223 1673 ituros?
244 1616 373 1685 iltrusqua
386 1619 473 1687 inpiae
478 1633 577 1684 praeca,
592 1624 702 1684 utraque
713 1621 863 1671 detestanda

63 1702 131 1757 cota,
147 1697 218 1747 tator
230 1694 304 1753 duos,
317 1708 426 1759 quorum
440 1694 505 1745 bello
519 1693 601 1745 solum
611 1694 639 1744 id
652 1695 741 1753 scires,
752 1696 863 1746 delerio-

64 1786 116 1823 ram
124 1774 192 1837 lore,
204 1770 250 1835 qai
259 1769 370 1821 vicisset.
389 1765 481 1830 Erant,
492 1766 540 1835 qui
551 1764 743 1836 Vespasianum
754 1773 779 1821 et
788 1785 861 1821 arma

64 1840 181 1899 Orientis
190 1847 393 1912 auguraroutur,
428 1839 471 1903 Et,
483 1847 513 1897 ut
521 1839 606 1910 potior
617 1848 729 1911 utroquo
738 1841 862 1913 Vespasi-

64 1936 144 1981 anus,
165 1916 203 1971 ita
221 1914 323 1973 bellum
341 1913 414 1969 aliud
434 1921 514 1985 atque
531 1913 597 1968 alias
610 1914 697 1969 clades
711 1915 860 1971 horrebant.

63 1992 96 2047 Et
114 1990 242 2063 ambigua
261 1989 295 2043 de
307 1989 470 2060 Vespasiano
488 1987 571 2056 lama;
592 1988 720 2061 solusque
738 1993 860 2048 omnium

64 2076 124 2124 ante
133 2084 165 2121 se
173 2065 328 2137 principum
338 2063 367 2119 in
377 2062 474 2119 molius
484 2072 601 2119 mutatus
611 2072 659 2117 est.

116 2144 162 2197 tt.
184 2139 263 2195 Nunc
276 2139 351 2194 initia
366 2155 530 2209 caussasque
541 2146 629 2193 motus
639 2137 772 2194 Vitelliani
781 2156 862 2208 expe

63 2216 147 2273 dam.
186 2214 270 2270 Caeso
279 2230 342 2269 oum
351 2212 478 2268 omnibus
488 2214 572 2284 oopiis
581 2212 648 2269 lulio
657 2213 776 2276 Vindice,
789 2212 862 2266 lorox

63 2290 160 2364 praeda
174 2287 314 2363 gloriaque
327 2288 469 2353 exercitus,
482 2296 513 2343 ut
525 2290 569 2343 oui
583 2288 642 2345 sine
654 2288 742 2343 laboro
751 2304 782 2340 ac
791 2288 863 2356 peri-

63 2366 123 2423 culo
142 2364 272 2421 ditissimi
291 2362 355 2419 belli
372 2363 482 2419 viotoma
500 2363 645 2427 evenisset,
668 2360 861 2431 expeditionem

63 2458 146 2513 quam
160 2439 257 2504 otium,
273 2438 390 2509 praemia
405 2454 487 2508 quam
503 2438 633 2508 stipendia
648 2435 771 2491 malebat.
810 2436 861 2490 Diu

63 2514 258 2571 infructuosam
269 2522 295 2569 et
303 2530 424 2583 asperam
434 2510 556 2568 militiam
567 2512 748 2574 toleraverant,
755 2510 861 2583 ingenio

64 2589 112 2645 loci
126 2588 251 2660 caelique
266 2596 293 2643 et
305 2589 443 2643 seueritate
457 2586 627 2657 disciplinam
648 2600 740 2653 quam,
755 2586 783 2639 in
798 2601 862 2654 pace

64 2662 267 2729 inexorabilem,
291 2660 438 2719 discordiae
461 2660 562 2717 civium
586 2657 737 2727 resolvunt,
764 2660 864 2732 paratis
