1950 3016
129 207 162 258 ro
316 204 690 258 'urssonuanun
784 198 918 274 (anm

129 329 190 367 rum
206 310 289 367 multo
304 328 413 368 suorum
424 308 757 384 muorepulsusssaeoina:
777 316 921 382 stuoxpa·

129 386 219 441 randis
232 387 357 458 operibus
371 388 520 458 adsumpta.
559 385 692 442 Vitelliani
708 384 813 457 pluteos
825 394 921 441 mates-

128 478 182 533 que
196 469 222 517 et
234 463 326 518 mneos
339 462 510 518 suffodiendia
528 463 624 526 muris,
639 460 861 534 protegendisque
873 476 917 532 op·

118 539 334 611 pugnatoribus:
363 536 505 592 Othoniani
519 536 599 590 sudes
612 544 639 590 et
651 537 787 590 inmensas
799 535 919 607 lapidum

128 629 159 666 ao
168 613 273 684 plumbi
281 615 403 683 aerisque
412 610 505 674 moles,
520 609 716 683 perfringendis
722 610 920 683 obruendisque

128 687 259 753 hostibus,
271 687 424 758 expediunt,
464 685 603 756 Utrimque
610 686 706 756 pudor,
718 684 921 759 utrimqusglo-

128 764 177 828 ria,
187 771 213 818 et
222 763 340 817 diversae
350 760 551 825 exhortationes,
566 760 630 814 hino
640 764 767 830 lepiormm
775 768 800 815 et
811 761 920 815 Goma-

127 842 181 892 utet
190 842 321 892 sanutus
329 839 417 898 robur,
427 835 489 889 inde
498 839 614 889 urbanae
622 839 731 890 militias
740 843 764 890 et
770 841 920 904 praetoriu-

128 930 187 967 rum
206 916 347 967 cohortium
365 915 442 965 decue
461 910 656 966 adtollentium:
677 909 717 965 itti
736 920 764 965 ut
777 926 919 979 ammos

127 991 238 1040 deaidm
251 996 276 1040 et
289 991 359 1040 eirca
372 1003 405 1040 oe
420 989 527 1040 theatris
538 994 690 1052 amptum
698 989 818 1052 militent,·
836 984 867 1039 hi
874 1002 920 1053 ps·

127 1064 260 1129 repriauni
279 1070 303 1114 et
323 1070 457 1114 aeteruum
476 1060 654 1132 increpabant.
694 1058 919 1115 SimuiOthonam

129 1134 477 1200 aoViteiiium,oelebrantes
487 1135 666 1207 culpantesve,
676 1135 844 1190 uberioribus
852 1136 919 1190 inter

128 1228 157 1265 se
165 1210 269 1282 probris
279 1228 361 1282 quam
372 1210 495 1265 laudibus
505 1210 720 1265 stimulabantur.

181 1288 224 1342 Ὦ.
245 1285 362 1340 Vixdum
376 1294 432 1341 orto
444 1286 497 1351 die,
512 1285 588 1357 plena
599 1283 919 1358 propugnatoribusmoa·

128 1361 186 1416 nia:
213 1359 342 1435 [uigentes
358 1362 440 1416 armis
455 1362 574 1433 virisque
587 1361 689 1431 campi,
708 1359 823 1415 densum
840 1359 920 1433 legio·

128 1453 194 1491 nram
208 1452 313 1510 aginam
327 1453 419 1508 sparsa
434 1435 594 1491 auxiliorum
609 1453 715 1499 manus,
727 1433 818 1489 altiora
830 1451 920 1490 muro·

127 1528 189 1567 rum
208 1513 310 1586 sagittis
330 1520 375 1566 aut
393 1513 466 1566 saxis
484 1513 628 1565 incessere:
650 1508 777 1583 neglecta,
797 1518 843 1564 aut
856 1526 919 1565 aevo

127 1586 199 1642 fluxa
213 1588 335 1642 eominus
350 1587 466 1659 adgredi.
506 1588 633 1658 legerunt
650 1585 764 1656 desuper
778 1583 919 1641 Othoniani

128 1661 192 1733 pila,
203 1660 296 1716 librato
305 1663 390 1733 magis
403 1670 429 1715 et
441 1667 510 1715 certo
521 1661 584 1724 ictu,
596 1661 724 1714 advorsus
734 1669 831 1715 tamma
840 1661 919 1715 suba·

129 1745 206 1790 untes
216 1737 334 1790 oohortes
339 1737 542 1799 Germanorum,
549 1743 626 1790 cantu
637 1737 715 1799 truci,
722 1743 747 1790 et
756 1752 829 1790 more
837 1735 920 1806 patrio

129 1810 209 1865 nudis
228 1811 392 1880 corporibus,
412 1828 493 1881 super
507 1810 632 1865 humeros
646 1819 720 1865 scuta
732 1811 918 1882 quatientium.

129 1885 311 1958 Legionarius,
326 1885 422 1956 piuteis
436 1894 462 1938 et
470 1885 586 1940 cratibus
594 1894 688 1949 tectus,
700 1886 806 1940 subruit
818 1903 919 1951 mruos,

129 1960 238 2014 instruit
250 1976 381 2032 aggerem,
398 1960 504 2015 moiitur
518 1971 616 2032 portas.
656 1960 751 2016 Contra
764 1959 921 2031 praetoriani

128 2035 269 2105 dispositos
284 2035 316 2088 od
329 2034 357 2090 id
370 2037 459 2108 ipsum
470 2036 582 2091 molares
592 2037 692 2110 ingenti
705 2035 820 2107 pondere
829 2053 859 2090 ao
870 2034 922 2091 ira·

128 2109 367 2184 goreprovoivunt.
407 2111 470 2165 Pars
483 2112 656 2166 subeuntium
665 2111 766 2169 obruti:
788 2128 850 2183 pars
859 2128 921 2167 oon·

129 2183 178 2240 fixi
190 2195 215 2238 et
228 2202 386 2258 exsangues,
401 2194 446 2240 aut
456 2186 544 2250 laceri,
557 2205 619 2240 cum
630 2195 737 2259 augeret
746 2194 861 2259 stragem
870 2195 922 2241 tre-

129 2260 236 2332 pidatio,
253 2277 337 2332 eoque
351 2262 438 2315 aerius
453 2278 467 2314 e
480 2262 619 2316 moenibus
629 2261 840 2326 vulnerarentur,
852 2261 921 2316 redi-

129 2352 182 2398 ere,
194 2333 301 2389 infracta
312 2336 426 2406 partium
437 2335 515 2389 fama.
536 2336 569 2389 Et
578 2335 698 2399 Caenina,
707 2335 809 2406 pudore
817 2345 921 2407 ooeptae

130 2417 227 2464 temere
239 2412 453 2484 oppugnationis,
469 2427 503 2464 ne
515 2410 615 2463 inrisus
630 2428 660 2465 ac
672 2428 758 2466 vanus
772 2410 868 2466 iisdem
878 2428 922 2465 oa-

130 2486 192 2539 etris
202 2485 341 2550 adsideret,
352 2487 457 2540 traiecto
469 2502 563 2539 rursus
574 2485 651 2550 Pado,
666 2485 822 2541 Cremonam
835 2496 921 2556 petere

124 2559 248 2614 intendit.
266 2560 406 2615 Tradidere
418 2576 477 2614 sese
486 2559 595 2614 abeunti
603 2560 732 2614 Turuiius
741 2559 851 2614 Cerialis
860 2577 921 2615 oum

109 2633 306 2703 compluribus
321 2636 460 2708 oiassiois3
483 2644 511 2692 et
518 2634 787 2706 iuiiushrigantious
797 2647 938 2697 sumpno·

56 2770 65 2823 't
93 2703 141 2756 01⁸
159 2711 314 2778 equitum:
336 2714 385 2772 hio
398 2712 562 2790 praefectus
578 2711 651 2779 aiae,
669 2703 822 2763 inbatsu'as
830 2701 960 2769 sesima
