1950 3016
63 217 188 293 aare.)
280 227 350 274 Lan.
369 226 406 272 m
426 225 505 272 cna.
526 225 647 272 rr-rs.
814 218 857 270 toi

64 336 109 383 tua
124 332 274 398 niqilardia,
287 333 459 398 parsimonia,
474 331 603 395 sapientia
616 329 711 397 fiducia
725 334 770 390 est,
784 343 862 396 quum

62 408 90 458 in
104 404 203 458 Vitellii
212 414 323 472 torpere,
344 409 459 469 inutilia,
476 406 594 457 saeuitia.
633 401 683 456 Sed
696 411 720 455 et
732 405 862 456 meliorem

62 482 89 533 iu
99 481 166 532 bello
178 497 305 543 caussam,
317 498 394 548 qaam
403 484 512 547 inpane,
523 480 657 532 babemus:
671 494 732 531 nam
741 482 786 546 qui
796 480 862 531 deii-

62 555 162 616 berant,
174 559 346 609 desciverunt.

115 629 161 682 78.
183 629 245 683 Post
264 630 380 684 Muciani
399 629 542 684 orationem
562 627 641 682 ceteri
655 626 796 680 audentius
809 626 862 680 eir·

63 703 232 768 eumsistere‚
248 704 356 770 hortari,
372 721 496 776 responsa
510 712 599 758 vatum
610 710 635 757 et
644 702 763 757 siderum
774 710 861 756 motus

61 776 170 832 referre.
210 780 266 833 Nee
283 788 338 834 erat
356 779 470 834 intactus
489 779 534 834 tali
553 778 750 850 superstitione,
771 784 800 831 ut
813 778 859 848 qui

62 870 136 918 mox,
147 869 238 908 rerum
248 854 383 920 dominus,
394 854 534 909 Seleucum
544 854 688 926 quendam,
695 851 861 907 matbemati-

63 945 136 993 eum,
152 938 279 984 rectorem
295 939 320 984 et
334 931 482 1001 praescium
494 930 580 1001 palam
592 929 721 983 habuerit.
761 928 860 981 liecur-

62 1003 157 1058 sabant
166 1005 256 1058 animo
267 1013 352 1059 vetera
362 1006 460 1059 omina.
500 1002 649 1076 Cupi-essue
661 1005 738 1058 arbor
750 1004 777 1058 in
788 1004 859 1077 agris

63 1078 132 1143 eius,
147 1081 291 1151 conspicua
306 1079 453 1144 altitudine,
470 1089 575 1151 repente
589 1079 748 1151 prociderat3
770 1097 800 1133 ae
812 1096 859 1150 pn-

62 1160 131 1207 stera
150 1154 204 1219 die,
226 1154 316 1208 a›dem
332 1156 442 1228 vestigio
457 1172 606 1228 resurgens,
627 1172 733 1226 procera
747 1163 772 1208 et
785 1154 859 1208 latior

61 1228 174 1283 virebat.
215 1229 320 1284 Grande
330 1229 357 1284 id
371 1247 581 1313 prosperumque
594 1247 724 1284 eonsensu
736 1229 859 1300 haruspi-

62 1320 140 1358 enm:
162 1312 189 1357 et
197 1322 303 1358 summa
313 1304 440 1360 claritudo
449 1306 540 1360 iuveni
549 1305 859 1374 admodumVespasiano
891 1320 896 1331 ·

60 1379 205 1450 promissa.
245 1379 296 1433 Sed
306 1380 393 1451 primo
402 1379 573 1451 triumphalia
585 1388 609 1433 et
619 1377 771 1434 consulatus
781 1387 806 1431 et
816 1379 860 1431 lu-

60 1453 152 1509 daieae
170 1455 292 1509 victoriae
306 1455 387 1509 denus
402 1454 518 1527 inplesse
533 1454 612 1508 iidem
624 1455 722 1509 ominis
734 1453 860 1507 videban-

61 1539 118 1584 tur:
141 1537 171 1583 ut
185 1528 250 1583 haee
264 1530 374 1602 adeptus
389 1539 437 1596 est,
453 1529 573 1602 portendi
587 1529 639 1583 sibi
650 1527 793 1599 imperium
803 1545 860 1582 cre-

60 1604 149 1659 debat.
190 1603 238 1659 Est
251 1605 375 1661 Iudaeam
390 1608 458 1660 inter
472 1605 631 1677 Svriamqne
645 1602 798 1661 Carmelus:
825 1605 859 1658 ita

60 1687 158 1735 vocant
177 1687 293 1734 montem
313 1680 457 1753 deumque.
493 1667 551 1736 Nee
568 1680 743 1735 simulacrum
755 1679 803 1735 den
814 1688 860 1735 aut

60 1754 194 1826 templum
204 1756 286 1811 situm
297 1756 426 1811 tradidere
440 1758 565 1823 maiores;
588 1774 659 1810 aram
670 1765 772 1810 tantum
783 1766 808 1811 et
818 1773 859 1811 re-

60 1831 218 1884 verentiam.
258 1830 315 1886 lllic
325 1831 480 1887 sacrificanti
490 1832 661 1903 Vespasiano,
672 1849 733 1886 eum
744 1850 805 1904 spes
815 1851 860 1887 on-

60 1905 146 1960 eultas
168 1915 284 1961 versaret
305 1909 408 1972 animo,
428 1906 555 1962 Basilides
575 1907 710 1972 sacerdos,
733 1908 859 1980 inspeetis

59 1980 206 2037 identidem
217 1982 294 2047 extis,
308 1983 440 2051 Quidquid
449 1993 493 2046 est,
505 1983 603 2055 inquit,
619 1984 779 2052 Vespasiano,
792 1988 860 2052 qaod

58 2074 151 2130 paras,
173 2060 213 2111 uel
226 2062 329 2111 domum
342 2067 483 2120 aestruere,
503 2077 548 2113 sea
558 2061 786 2127 prolatareaqrns,
807 2063 860 2110 sive

60 2135 191 2200 ampliare
204 2137 320 2196 servitia,
336 2137 416 2187 datur
431 2136 477 2188 tibi
490 2151 584 2203 maqna
593 2138 672 2197 sedes,
683 2138 797 2200 inqentes
808 2140 860 2184 ter-

60 2212 134 2270 mini,
149 2211 258 2263 multum
272 2211 409 2262 bominum.
447 2208 500 2262 llas
515 2209 639 2282 ambages
651 2216 675 2262 et
685 2208 773 2260 statim
784 2222 860 2258 exee-

61 2291 136 2354 perat
146 2281 225 2346 lama,
238 2291 262 2336 et
273 2292 336 2337 tune
346 2283 491 2354 aperiebat:
514 2300 562 2337 nee
575 2283 724 2357 quidquam
734 2281 821 2353 magis
832 2281 860 2334 in

60 2375 106 2412 ore
116 2356 203 2430 vulgi.
243 2356 393 2413 Crebriores
407 2358 478 2430 apud
490 2360 581 2431 ipsum
591 2373 741 2421 sermones,
761 2364 861 2428 quanto

60 2433 232 2505 sperantibus
241 2432 318 2505 plura
329 2434 463 2490 dicuntur.

116 2510 160 2563 79.
181 2508 258 2563 Hand
268 2508 349 2564 dubia
359 2509 531 2566 destinatione
540 2507 701 2565 ‹liseesserez
720 2505 867 2560 blasianus

55 2583 232 2646 dodechinus,
251 2584 428 2656 Vespasianus
440 2586 619 2644 Caesaream:
633 2583 687 2641 illa
692 2581 890 2660 &mammen

38 2653 157 2736 iudaeae
176 2663 259 2724 eaput
277 2668 327 2715 est.
369 2664 488 2722 initium
512 2664 628 2723 ferendi
640 2661 915 2735 adlespas‘xnnnm

29 2736 140 2788 'ml’effl
151 2725 340 2791 Alexandriae
358 2751 512 2815 caeptum,
539 2743 706 2804 festinante
714 2739 847 2800 nanetus
864 2732 935 2789 lde*
