1950 3016
123 185 175 239 nt
323 192 353 238 e
373 191 725 239 conxturrntcrur
781 180 928 257 (snm.)

123 291 287 363 spreetelrenl,
306 293 375 347 nibil
389 293 504 348 arduum
518 301 565 347 eut
575 294 710 349 invictum
719 293 928 348 aediderinteie

124 367 157 421 ed
167 366 268 421 bellum
280 369 460 423 vanitatibus.
497 371 535 423 lte
547 371 628 440 petita
637 386 705 441 paee
712 368 842 423 eededita
852 369 928 423 insn-

126 441 159 505 le,
175 441 265 498 clarus
277 461 310 498 ae
321 462 438 518 magnus
452 444 545 498 baberi
557 444 695 517 Agrimla:
714 444 821 516 quippe
830 445 877 498 eui
886 446 929 498 in·

122 517 253 591 gredienti
267 521 444 590 provinciam,
459 519 533 590 quod
545 528 653 590 ternpus
661 519 709 573 elii
718 536 768 591 per
775 521 929 575 oetentetio·

124 610 186 649 nem
199 603 245 648 eut
257 594 407 649 officiorum
420 595 552 648 ambitum
561 596 724 668 transigunt,
737 594 849 649 laboret
858 595 928 666 peri-

123 668 216 723 eulum
231 669 385 741 placuisset.
424 671 480 723 Nee
494 669 627 742 Agrioola,
646 670 823 740 prosperitate
837 686 926 724 rerum

123 744 152 798 in
163 747 305 799 vanitatem
317 745 596 816 usus,expeditionem
606 754 653 798 aut
663 746 925 810 victoriamvooebal,

124 820 208 875 rietes
217 822 396 876 continuisse:
417 837 452 875 ne
461 819 587 874 laureatis
595 819 707 891 quidem
717 829 792 893 gesta
801 837 927 891 proseeu·

124 902 167 949 tus
181 904 230 949 est.
269 895 321 949 Sed
337 897 395 966 ipsa
408 894 623 950 dissimulatione
634 894 722 950 lemae
731 894 832 949 lamam
842 896 924 960 auxit,

122 971 336 1034 intimantibus,
351 980 452 1042 quanta
465 969 548 1025 iuturi
558 988 608 1042 spe
616 979 670 1024 tam
681 987 780 1044 magna
790 972 924 1025 tacuisset

178 1048 220 1097 te.
235 1044 358 1098 Ceterum
370 1047 521 1099 animorum
532 1047 685 1116 provinciae
693 1044 926 1116 prudens,simul-

122 1135 177 1190 que
189 1118 283 1173 demtis
298 1136 345 1190 per
359 1119 444 1174 aliena
459 1122 650 1191 experimenta,
671 1138 768 1191 perum
780 1122 926 1192 proficier-

122 1194 186 1257 mis,
200 1195 224 1248 si
238 1195 353 1249 iniuriae
366 1205 552 1267 sequerentur,
567 1212 677 1250 mussas
691 1195 824 1250 bellorum
836 1197 926 1250 statuit

122 1269 252 1324 excidere.
292 1269 313 1324 Α
330 1288 360 1325 se
373 1271 487 1342 suisque
497 1288 587 1335 orsus,
598 1273 714 1342 primam
723 1271 837 1325 domum
849 1289 924 1326 suem

122 1346 253 1411 noemin
282 1345 355 1418 quod
379 1345 517 1418 plerisque
534 1345 608 1400 haud
627 1347 720 1400 minus
738 1346 857 1401 arduum
876 1354 924 1411 est,

121 1436 204 1492 quam
214 1422 380 1492 provinciam
391 1438 491 1495 regere.
519 1420 594 1475 Nihil
604 1437 652 1492 per
662 1421 771 1476 libertos
780 1436 927 1494 servosque

121 1495 246 1567 publicae
256 1499 309 1552 rei:
331 1514 384 1552 non
399 1496 497 1551 studiis
511 1497 623 1568 privatis
632 1512 724 1551 neoex
734 1497 927 1552 oommendati-

121 1588 172 1626 one
185 1579 232 1626 aut
244 1572 370 1643 precibus
387 1573 574 1626 centurionum
589 1571 689 1626 milites
701 1571 860 1638 edseiseere,
879 1570 926 1626 sed

120 1648 253 1718 optimum
266 1664 404 1719 quemque
416 1645 605 1701 fidelissimum
616 1655 723 1718 putare:
744 1648 837 1702 omnia
847 1649 924 1712 seire,

121 1738 174 1776 non
192 1722 282 1775 omnia
297 1722 425 1794 exsequi:
446 1722 537 1793 pervio
551 1723 666 1792 poocatis
679 1723 799 1788 veniam,
819 1720 944 1796 magnis

121 1797 287 1849 severitatem
301 1797 483 1852 eommodare:
514 1814 564 1851 nee
577 1814 661 1868 poene
675 1814 792 1869 semper,
806 1799 856 1853 sed
868 1814 927 1852 see·

121 1871 184 1941 pius
198 1871 357 1940 poenitentis
370 1880 511 1927 eontentus
520 1889 594 1926 esse:
613 1871 710 1927 officiis
719 1881 745 1926 et
754 1873 925 1928 administre-

121 1945 239 2001 tionibus
252 1947 341 2017 potius
356 1965 407 2002 non
423 1954 577 2018 peooaturos
591 1964 762 2018 praeponere,
781 1964 866 2020 quam
878 1947 926 2002 de-

120 2038 221 2086 mnere,
237 2038 299 2075 eum
312 2031 476 2093 peeeessent.
515 2022 653 2077 Frumenti
669 2031 695 2077 et
705 2022 867 2078 tributorum
878 2040 925 2078 ex·

120 2097 249 2151 actionem
270 2095 428 2168 aequalitate
445 2113 589 2151 munerum
610 2097 723 2164 mollire,
745 2100 922 2163 circumcisis,

120 2188 199 2243 qum,
211 2172 239 2226 in
251 2179 391 2245 quaestum
404 2181 515 2242 reperta,
532 2172 591 2243 ipso
600 2173 699 2227 tributo
708 2175 820 2246 gravius
830 2173 925 2229 tolere-

121 2246 226 2302 bentur.
266 2248 390 2320 Nemque
401 2264 449 2318 per
463 2246 610 2301 ludibrium
622 2247 742 2302 adsidere
752 2246 852 2303 eleusis
864 2248 925 2303 hor-

120 2322 183 2386 reis,
206 2330 329 2377 sternere
341 2322 411 2378 ultro
426 2321 568 2387 frumenta,
590 2339 621 2376 ao
629 2322 745 2377 vendere
754 2325 839 2394 pretio
847 2340 925 2397 eoge-

119 2395 226 2451 bantur.
266 2398 386 2453 llevortia
403 2399 531 2453 itinerum
547 2404 572 2452 et
585 2397 768 2471 longinquitas
782 2400 922 2472 regionum

120 2471 296 2538 indicebatur,
314 2482 344 2528 ut
357 2475 476 2529 civitates
487 2492 501 2528 a
512 2474 643 2544 proximis
654 2472 775 2527 hibernis
785 2475 813 2528 in
824 2481 923 2529 remote

120 2552 145 2598 nt
164 2548 224 2601 avie
242 2547 382 2614 deferrent,
404 2549 496 2614 donee,
518 2547 590 2621 quod
609 2548 736 2603 omnibus
753 2549 923 2622 inpromptu

120 2627 184 2685 erot,
195 2624 289 2692 paucis
300 2622 433 2679 lucrosum
448 2624 530 2679 fieret.

75 2732 162 2816 ι
175 2697 218 2750 io.
239 2697 309 2752 lloee
317 2700 406 2770 primo
415 2700 503 2754 statim
517 2715 587 2754 eune
597 2697 807 2771 comprimendo,
819 2699 925 2773 egregi·
