1950 3016
138 181 170 234 to
376 183 695 239 utuuoutettttlt
795 174 931 249 (numa.

138 285 252 350 fortuna,
266 285 413 347 antomon
423 285 579 357 eupiditate
592 285 650 357 ton
660 283 759 345 Galbae
769 282 880 344 facilitas
889 285 932 343 in-

137 360 271 416 tendebat:
296 376 359 415 cum
377 360 449 432 apud
470 360 609 415 infirmum
627 367 653 416 et
671 358 809 415 credulum
829 360 932 418 minare

137 444 209 497 netu
219 443 245 495 et
254 436 354 496 maiora
362 436 481 508 praemio
489 443 649 508 paonaretur.

193 513 233 567 ta.
254 510 370 573 Potentia
384 511 550 582 prinoipatua
564 510 651 569 divisa
663 510 692 566 in
705 509 736 565 Τ.
747 508 859 567 Vinium
869 526 932 564 oon-

136 585 233 650 aulem,
254 595 280 647 at
297 585 451 647 Cornelium
470 586 601 643 Laoouem
620 585 743 656 praetorii
758 583 929 655 praelectum.

136 661 192 721 Neu
210 661 297 721 niun·
315 661 399 734 gratia
419 658 495 724 loelo,
511 659 610 720 Galbae
625 660 726 725 liberte,
746 676 827 731 quarn
843 658 931 715 anulis

137 735 274 802 donatum,
284 736 402 808 equestri
414 735 522 796 nornine
532 736 690 795 Mattianum
701 735 858 794 vocitabant.
898 734 931 789 lli

136 811 280 876 dimittite.
301 818 327 865 tt
340 810 421 871 robur
434 809 583 869 minoribns
597 810 650 872 sibi
659 811 776 881 quiaque
785 808 930 872 tendentes,

137 887 206 943 nir-on
221 885 364 945 eonsilium
378 883 492 958 eligendi
507 885 668 947 ramessoria
682 887 710 939 in
725 883 792 941 duaa
807 883 931 939 factiones

136 960 334 1023 scindebantur.
373 959 470 1021 Vinius
489 976 538 1030 pro
559 960 595 1016 Μ.
616 958 731 1016 Othona:
765 959 834 1014 Laoo
852 967 932 1030 atqua

136 1036 223 1095 tntur
246 1052 377 1096 mutuatu
402 1051 455 1091 non
477 1041 530 1093 taut
556 1052 642 1096 nnnrn
661 1033 777 1106 aliquem
798 1032 928 1100 fovebant,

137 1110 323 1184 quamalium.
362 1111 455 1182 Neque
465 1117 519 1166 arat
530 1109 629 1169 Galbae
638 1111 726 1184 ignota
736 1107 848 1168 Othonia
857 1127 888 1163 ao
898 1109 929 1166 T.

136 1186 209 1243 Vinii
220 1186 350 1248 amioitia;
361 1192 388 1241 et
397 1185 550 1243 rumoribus
560 1183 627 1245 nihil
638 1184 743 1244 silentio
751 1185 931 1243 ransmitten-

136 1262 205 1322 tium
213 1259 287 1332 (quia
298 1259 376 1319 Vinio
385 1259 466 1322 vidua
476 1259 540 1324 filia,
555 1257 837 1332 arrotrebarum
849 1276 879 1318 ao
888 1277 931 1319 ae-

136 1355 180 1398 nae
189 1335 398 1399 destinabantur.
439 1333 521 1389 Credo
534 1342 559 1395 et
568 1335 605 1391 rei
628 1351 736 1391 euram
747 1335 862 1399 subisse,
874 1333 931 1392 fru-

137 1420 190 1474 ttta
204 1411 332 1472 eNerone
345 1408 494 1475 translatae,
509 1409 533 1463 si
549 1352 625 1480 apub>
629 1408 758 1467 Othonem
768 1408 931 1481 relinquere

136 1495 189 1547 tur.
215 1487 341 1558 Namque
346 1483 415 1541 Otho
424 1485 566 1556 pueritiam
576 1485 717 1548 incuriose,
729 1484 929 1543 adolescentiam

136 1562 285 1634 petulanter
306 1569 402 1634 egerat,
422 1569 514 1633 gratus
532 1560 629 1620 Neroni
647 1558 821 1617 aemulatione
838 1559 928 1617 luxua.

136 1639 229 1708 quue
240 1637 292 1690 iam
303 1636 450 1706 Poppaeam
460 1634 596 1698 Sabinam,
609 1633 754 1705 principale
764 1643 890 1701 soortum,
901 1642 931 1689 ut

137 1712 209 1784 apud
218 1711 355 1770 moreium
365 1709 517 1774 libidinum,
529 1709 693 1780 deposuerat,
704 1708 787 1769 d⁰neo
794 1707 929 1763 Octaviam

137 1804 248 1843 uxorem
257 1784 418 1846 amoliretur.
439 1785 501 1842 llox
511 1792 664 1856 inemptum
675 1785 703 1845 in
712 1783 803 1841 eadem
813 1785 929 1861 Poppaea

136 1863 165 1919 in
175 1861 340 1935 provinciam
350 1860 524 1923 Lusitaniam,
540 1860 628 1930 aperie
643 1858 790 1934 legationis,
801 1859 929 1930 seposuit.

137 1936 215 2000 Otho,
227 1936 336 1992 comiter
345 1935 526 1993 administrata
536 1935 681 2005 provincia,
692 1936 833 2005 primerio
844 1943 930 2005 panea

136 2021 329 2084 haneffessus,
346 2027 394 2069 neo
408 2010 508 2083 regnis,
522 2018 561 2074 at,
576 2009 658 2067 donee
672 2009 772 2066 bellum
789 2009 846 2073 luit,
863 2010 931 2064 inter

137 2095 288 2162 praesentes
301 2084 544 2158 splendidiaaimna,
565 2102 640 2156 spem
660 2084 821 2156 adoptionis,
841 2087 930 2139 atatim

137 2171 300 2233 oonooptom,
314 2162 402 2217 aoriua
416 2161 445 2215 in
457 2159 514 2215 dian
524 2159 655 2231 rapiebatt
677 2159 826 2220 faventibus
835 2158 931 2230 planis-

137 2256 192 2311 que
200 2238 328 2301 militum,
340 2253 421 2306 prona
432 2236 460 2294 in
470 2253 532 2291 eum
542 2234 602 2291 aula
613 2235 734 2300 Neronia,
746 2243 776 2290 ut
784 2234 910 2294 similem.

194 2315 235 2372 tt.
255 2311 306 2370 sod
316 2311 409 2376 Galba,
421 2309 929 2382 poutnuntioeGermanioaesaditionia,

138 2405 304 2462 quamquam
315 2385 383 2442 nihil
393 2386 481 2443 adhue
490 2385 631 2445 deVitallio
638 2385 854 2450 northmanniae
864 2402 932 2456 quo-

139 2482 201 2524 nam
211 2463 375 2521 exaroituum
388 2463 428 2520 vie
437 2469 596 2532 erumperet,
606 2477 640 2517 na
650 2460 751 2517 urbano
760 2459 869 2532 quidem
880 2461 929 2520 nia

138 2538 179 2595 liti
191 2538 317 2602 nuntians,
333 2536 405 2610 qnod
414 2536 561 2592 remedium
575 2536 685 2593 unicum
696 2535 811 2601 rebatur,
826 2535 931 2593 nomilia

138 2615 245 2686 imperii
255 2614 391 2686 transigitt
412 2612 592 2682 adhibitoque,
605 2611 932 2682 snpervminmaotaoo-

139 2707 211 2756 nem,
227 2690 309 2748 unio
319 2687 405 2754 Calan.
418 2684 681 2759 eamulodeaignato,
695 2703 726 2748 ae
735 2685 870 2747 nonanto
879 2684 932 2747 Gar
