1950 3016
58 172 181 245 ncnc.)
276 181 354 227 nra.
374 181 394 227 1.
415 180 503 228 cer.
524 181 645 228 ec-ss.
822 179 852 229 te

59 285 181 349 tenporie
195 283 282 346 butue,
303 292 327 337 et
346 285 469 351 inpletum
481 292 518 337 cst
532 301 604 337 omne
622 285 770 346 canalium,
787 288 811 338 ei
831 293 854 337 te

59 359 118 409 bene
136 359 215 426 alepi:
233 361 436 427 utilissimusque
454 362 521 413 tuem
539 377 571 413 ac
590 361 754 413 brevissimus
773 361 853 413 bono-

56 449 116 484 rum
130 435 310 502 mutarumque
323 451 411 488 renem
424 436 534 488 delectus
548 442 592 496 eet,
603 439 723 502 copitare,
735 438 798 504 quid
807 443 854 488 ortt

56 508 171 560 volueris
188 511 235 562 sub
254 513 309 562 atio
321 512 447 577 principe,
462 517 509 563 aut
525 512 646 562 columis.
685 509 773 578 Neque
787 515 854 562 enim

57 583 106 644 bic,
119 590 149 635 ut
158 585 186 637 in
197 579 308 658 [ceteris]
319 588 441 652 pectitur,
453 592 679 653 qaaerepoantur,
691 593 761 637 certa
771 588 854 637 domt-

56 673 151 712 aoruot
159 661 258 721 dmnuc,
270 667 294 712 ct
307 663 384 713 ceteri
392 663 474 713 sarai:
493 662 538 712 sed
550 663 724 723 imperaturus
736 676 762 712 ee
772 661 854 713 bomi-

57 735 142 797 nibus,
164 737 210 802 qui
224 750 270 787 aec
283 738 516 788 totcmseruitutem
523 739 582 802 pati
589 742 704 801 possunt,
718 750 764 787 ccc
775 742 853 787 totam

58 808 210 861 libertatem.
248 807 282 862 Et
295 807 378 863 Galba
392 806 502 880 quidem
517 808 581 862 haec
594 807 705 873 actalia,
717 816 852 879 tamquam

56 881 208 1010 principem
228 880 335 954 laceret;
356 884 434 938 ceteri
451 890 585 955 tamquam
602 901 662 939 cum
681 883 748 939 laeto
761 882 854 956 loque-

75 964 164 1012 antur.

113 1034 157 1087 li.
177 1032 310 1098 Pisonem,
331 1031 428 1098 ferunt,
448 1034 537 1088 statim
558 1034 733 1099 intuentibus,
751 1041 777 1088 et
790 1051 853 1088 mox

57 1107 184 1162 coniectis
202 1108 231 1162 in
251 1125 313 1163 eum
332 1110 452 1164 omnium
462 1108 557 1173 oculis,
578 1109 682 1166 nullum
697 1110 793 1164 turbati
808 1116 853 1164 aut

57 1181 216 1236 exsultantis
229 1183 312 1237 animi
326 1193 428 1239 motum
438 1183 595 1255 prodidisse.
634 1182 725 1241 Sermo
734 1201 796 1258 erga
806 1202 853 1255 pa-

58 1266 125 1312 trem
141 1259 380 1330 imperatoremque
393 1277 526 1322 reverens,
543 1260 576 1314 de
586 1276 614 1314 se
625 1259 789 1327 moderatus;
812 1260 854 1312 ni-

57 1331 135 1387 bilin
146 1331 223 1387 vultu
233 1333 380 1406 habituque
390 1343 537 1389 mutatum:
562 1337 640 1406 quasi
652 1335 781 1406 imperare
791 1352 854 1405 pos-

58 1408 206 1480 somogia,
218 1426 299 1480 quam
309 1409 397 1464 vellet.
418 1409 600 1465 Consultatum
612 1408 682 1474 inde,
694 1410 851 1480 prorostris,

58 1500 91 1537 an
106 1483 136 1536 in
151 1491 254 1549 senatu,
271 1501 303 1537 an
316 1485 344 1538 in
355 1485 448 1539 castris
458 1484 562 1555 adoptio
572 1492 778 1555 nuncuparetur.
818 1485 853 1537 lri

57 1558 86 1612 in
95 1565 191 1622 castra,
207 1557 319 1630 placuit:
340 1559 515 1614 honorificum
530 1557 558 1614 id
570 1558 701 1612 militibus
710 1557 774 1624 lore,
786 1577 853 1630 quo-

57 1649 119 1687 rum
135 1631 261 1698 favorem,
276 1641 306 1687 ut
321 1632 457 1707 largitione
466 1642 491 1688 et
500 1633 602 1689 ambitu
612 1632 681 1688 male
690 1634 805 1706 adquiri,
817 1636 852 1688 ita

56 1707 199 1780 perbonas
208 1716 277 1762 artes
288 1708 360 1764 haud
370 1708 559 1780 spernendum.
589 1709 802 1764 circumsteterat
810 1711 853 1763 in-

57 1783 134 1838 terim
151 1781 278 1855 palatium
294 1783 400 1856 publica
417 1785 584 1856 exspectatio,
601 1785 692 1858 magni
706 1786 799 1840 secreti
810 1786 852 1839 in-

56 1859 175 1930 patiens:
197 1866 222 1913 et
241 1858 310 1913 mala
328 1861 465 1914 coercitam
479 1859 577 1915 lamam
592 1861 787 1931 supprimentes
803 1878 852 1915 au·

75 1935 164 1989 ebant.

57 1951 76 2007 g
114 2013 155 2064 ts,
175 2007 305 2075 Quartum
319 2007 535 2076 lduslanuarias‚
552 2008 657 2066 foedum
668 2009 801 2066 imbribus
811 2010 852 2066 di-

57 2103 110 2150 em.
123 2085 238 2141 tonitrua
248 2092 273 2138 et
282 2082 388 2157 fulgura
398 2092 423 2138 et
432 2084 554 2140 caelestes
564 2085 652 2140 minae
664 2086 733 2140 ultra
743 2085 851 2141 solitum

57 2160 237 2216 turbaverant.
276 2157 452 2215 Observatum
465 2160 493 2214 id
503 2161 651 2232 antiquitus
661 2162 776 2216 comitiis
787 2161 853 2215 ‹tiri-

57 2235 163 2291 mendis
173 2252 226 2291 uon
236 2234 517 2307 terruitGalbam‚quo
526 2237 616 2291 minus
625 2237 654 2291 in
665 2245 748 2290 castra
758 2251 852 2307 perge-

57 2319 105 2377 ret,
121 2317 328 2382 contemptorem
343 2309 446 2376 talium,
463 2319 493 2366 ut
506 2310 688 2379 fortuitorum3
710 2326 768 2374 seu,
784 2326 852 2381 quae

57 2386 109 2442 feto
118 2393 237 2450 manent,
248 2386 373 2456 wamma
382 2385 538 2458 significata,
549 2405 602 2442 non
613 2386 739 2441 vitamus.
772 2384 851 2455 Apud

58 2460 224 2534 frequentem
234 2461 350 2515 militum
361 2461 523 2526 concionem,
537 2460 704 2532 imperatoria
714 2459 849 2524 brevitate,

57 2537 175 2608 adoptari
186 2553 201 2590 a
211 2551 241 2590 se
250 2535 382 2600 Pisonem,
394 2552 467 2591 more
475 2534 502 2590 d.
510 2535 623 2608 Augusti
632 2543 658 2589 et
669 2534 790 2605 exemplo
800 2535 852 2588 mi-

58 2610 138 2677 litari,
150 2626 205 2684 quo
213 2610 256 2665 vir
265 2611 354 2665 virum
364 2609 470 2684 legeret,
481 2611 642 2681 pronuntiat.
681 2609 720 2664 Ao
729 2626 762 2663 ne
771 2609 852 2662 dissi-

58 2685 159 2744 mulata
177 2684 272 2741 seditio
289 2685 319 2741 in
338 2685 426 2742 maius
445 2684 609 2754 mederetur,
619 2680 696 2742 ultro
710 2683 870 2744 abaciam
