1950 3000
179 409 208 476 (l.
254 409 521 477 CORNELII
563 409 757 477 laelii

69 565 98 639 H
152 566 166 639 Ι
221 568 241 642 S
295 567 319 640 Τ
375 566 398 642 0
453 568 477 640 R
531 567 545 640 Ι
599 568 624 640 l
679 568 703 640 R
758 565 782 638 U
835 564 864 637 ll

309 732 434 787 mann
456 731 623 788 sainna

119 1025 292 1064 Breviarinm.
319 1021 371 1072 Cap.
386 1023 405 1062 1.
419 1022 552 1063 Praelamsn.
578 1022 677 1063 Auctoris
686 1023 785 1070 almitas,
799 1025 864 1070 aetas,

69 1093 197 1132 institutum.
224 1093 244 1131 2.
253 1092 272 1130 3.
286 1091 407 1129 Praesentis
420 1091 520 1130 historiae
534 1099 617 1130 summa
627 1092 703 1140 capita.
729 1091 749 1129 4.
759 1091 778 1129 t.
792 1089 865 1128 Status

68 1160 137 1205 urbis,
156 1169 215 1197 mens
233 1160 375 1204 exereituum,
394 1157 479 1196 habitus
496 1158 661 1207 provinciarum,
686 1159 756 1197 occiso
773 1157 864 1197 Nerone,

67 1227 216 1275 Nymphidius,
226 1227 338 1274 imperium
351 1224 467 1271 adfectans,
478 1235 599 1273 oppressas.
626 1227 644 1264 6.
655 1223 777 1271 7.=Gaibam
789 1223 864 1262 crude·

67 1295 117 1334 litas
127 1304 171 1339 sna,
182 1295 246 1340 aetas,
257 1293 349 1340 corporis
359 1293 427 1331 forma
435 1295 457 1330 et
465 1293 581 1331 amicorum
595 1294 647 1332 vitia
658 1292 751 1332 reddunt
763 1293 863 1331 invisum.

68 1363 87 1401 8.
97 1363 117 1399 9.
133 1361 205 1398 Status
214 1360 336 1406 Hispanias.
348 1359 434 1406 Galliae,
445 1359 618 1399 Germanicorum
631 1362 770 1406 exercituum,
782 1360 865 1398 Britan-

68 1429 123 1474 niae,
132 1427 219 1474 Illyrici.
242 1428 273 1464 10.
283 1425 308 1462 In
317 1425 377 1473 Syria
385 1426 477 1464 Muciani
486 1428 575 1466 virtutes
585 1431 606 1466 ot
613 1428 673 1466 vitta.
691 1426 723 1465 Fi.
731 1425 864 1472 Vespasiani,

68 1493 178 1531 Iudaicum
191 1491 270 1529 bellum
283 1483 456 1538 administrantis,
466 1495 550 1531 animus
563 1495 584 1532 in
595 1493 692 1534 Galbam.
718 1495 750 1532 11.
763 1492 863 1541 Aegypti,

68 1560 160 1607 Atticas,
170 1557 321 1610 Mauretaniae,
328 1559 435 1609 Rhaetica,
443 1559 522 1609 Norici,
528 1560 638 1610 Thraciae,
647 1561 722 1600 ltaliae
730 1563 799 1601 status
809 1568 864 1599 coss.

69 1627 137 1667 Galba
146 1631 167 1668 et
175 1627 246 1668 Vinio.

119 1697 150 1735 12.
164 1696 281 1735 Deficiente
290 1697 407 1744 superioris
417 1695 542 1736 Germaniae
552 1697 625 1744 milite,
634 1695 701 1736 Galba
710 1698 736 1736 de
745 1695 864 1745 adoptando

70 1762 159 1802 (laesere
168 1764 255 1810 cogitat.
281 1765 313 1802 13.
327 1763 402 1803 Vinius
416 1763 495 1804 Othoni
508 1764 571 1812 iavet,
586 1775 628 1803 non
641 1765 671 1803 ita
683 1766 739 1804 Laco
753 1767 775 1804 et
787 1763 865 1802 Icelus.

70 1830 101 1868 14.
116 1829 190 1874 Galba,
199 1831 313 1868 transactis
326 1831 409 1879 imperil
422 1832 519 1878 comitiis,
529 1833 628 1872 Pisonem
637 1833 701 1881 eligit,
712 1833 819 1871 hominem
829 1840 867 1869 an·

69 1898 124 1945 tiqui
136 1897 201 1934 moris
214 1899 236 1935 et
244 1907 352 1943 severum,
365 1897 400 1936 oui
425 1898 456 1936 lt.
470 1901 502 1938 16.
516 1901 636 1949 adoptionis
649 1910 736 1939 caussas
749 1902 770 1938 et
782 1898 866 1946 imperit

71 1964 233 2002 administrandi
246 1963 358 2002 consilium
371 1965 446 2012 aperit.
473 1967 504 2005 11.
517 1967 601 2005 Pisonis
614 1968 668 2006 inter
677 1968 729 2005 haec
742 1965 865 2004 moderatio.

70 2016 102 2070 18.
116 2030 208 2080 Adoptio
221 2032 243 2069 ln
256 2034 331 2070 castris
343 2036 474 2080 nuncupata.
501 2035 532 2089 12.
546 2037 592 2072 tum
605 2034 627 2072 ln
640 2037 722 2072 senatu.
750 2033 827 2081 Legati
839 2031 867 2070 ad

72 2099 189 2138 defectores
199 2100 265 2138 missi.
292 2101 324 2140 20.
337 2099 427 2139 Neronis
435 2101 537 2148 prodigas
546 2100 671 2140 donationes
680 2101 790 2141 rescissas.
821 2093 832 2118 ⁸

122 2168 153 2206 21.
168 2166 247 2207 Othoni
257 2177 294 2216 spo
303 2166 363 2216 lapso
373 2169 484 2206 consilium
493 2169 515 2206 in
523 2168 616 2213 turbido,
636 2169 667 2207 22.
680 2167 831 2216 instigantibus
840 2167 866 2206 11-

71 2237 145 2282 bertls,
165 2237 241 2282 servis,
260 2236 426 2280 mathematicis;
455 2237 487 2286 23.
501 2237 534 2275 tt.
552 2236 631 2283 paratis
648 2235 691 2273 iam
709 2238 758 2272 ants
774 2234 867 2272 militnm

70 2305 146 2343 studiis
163 2314 202 2352 per
217 2304 332 2344 blanditias
350 2307 372 2343 et
388 2304 522 2351 largitiones,
545 2303 650 2341 oscitante
667 2302 694 2340 ad
711 2301 734 2340 id
751 2300 866 2350 praelecto.

70 2373 102 2412 tt.
112 2372 144 2409 26.
158 2371 214 2420 Ergo
227 2374 269 2412 iarn
283 2373 378 2420 legiones
391 2376 414 2411 ct
425 2372 504 2410 auxilia
516 2380 555 2418 pro
565 2369 656 2409 Othone.
682 2370 714 2408 27.
728 2369 779 2408 idox
792 2379 867 2408 consa·

70 2441 150 2480 lutatus
160 2440 279 2488 imperator,
298 2441 329 2479 ta.
343 2441 418 2479 castris
427 2439 565 2488 praetorianis
574 2438 670 2477 infertur.

121 2508 153 2546 29.
162 2507 194 2547 30.
207 2507 257 2545 Piso
266 2508 381 2556 cohortem,
391 2517 444 2556 qnae
454 2509 475 2546 in
488 2507 567 2557 palatio
580 2507 693 2546 stationem
706 2506 756 2553 agit,
770 2505 868 2542 hortatur

70 2577 98 2616 sd
113 2576 182 2615 tidem.
213 2576 245 2616 ³1.
259 2575 297 2615 Illa
312 2579 373 2625 parat
384 2577 455 2625 signa,
473 2577 560 2625 rahonis
573 2575 640 2623 copiis
654 2569 810 2611 deficientibus.
835 2569 872 2602 b‘l·

71 2646 103 2684 83.
116 2644 188 2682 Plebis
198 2644 291 2682 adulatio
305 2646 327 2682 et
335 2644 421 2685 levitas.
443 2641 632 2684 matthathiam
641 2649 698 2676 enm
706 2634 803 2670 maxa,
811 2637 846 2661 m
855 2632 922 2709 {KQ

71 2711 212 2753 canendum?
245 2715 278 2756 84.
292 2714 446 2756 Praemittttna
461 2715 490 2755 in
506 2715 586 2752 outae
596 2708 667 2745 liaeo.
685 2697 778 2799 {sm
793 2687 828 2720 aa
841 2690 858 2713 o
942 2730 961 2743 Ι,

107 2767 218 2828 Tacitus
235 2769 272 2828 il.
953 2740 961 2783 ⁴
