1950 3016
187 224 399 274 Aculeone.
420 228 498 276 CAP.
519 231 560 276 11.
581 230 623 278 12.
753 225 803 279 279

51 338 83 379 ee
98 331 176 392 sunt3
196 341 244 379 scu
258 325 372 381 durante
384 329 498 402 originis
507 331 544 395 ri,
556 346 614 395 seu,
625 334 804 401 procurrenti-

51 401 94 454 rin
107 399 213 454 diversa
229 400 315 467 terris,
331 403 429 472 positio
438 403 504 459 coeli
513 405 669 476 corporibus
681 406 803 462 habitum

51 476 85 530 iit.
99 472 130 528 in
140 475 299 530 universum
310 484 399 533 tannen
409 478 569 545 aestimanti,
581 478 672 535 Gaiios
681 482 803 536 vicinum

51 564 91 604 rm
104 565 258 620 occupasse,
277 551 405 608 credibile
417 561 466 608 eet.
506 555 606 610 Eorum
620 568 695 608 secra
710 555 804 626 depre-

51 625 114 690 ndes,
125 624 345 695 superstitionum
356 630 541 698 persuasione:
555 644 645 685 sermo
653 629 725 683 haud
732 629 804 684 rnul-

51 698 204 764 tdiversue‚
220 700 249 754 in
258 700 434 772 deposcendis
443 701 571 775 perieulis
580 704 672 758 endem
682 703 802 768 audacia,

50 774 246 838 amedaeum,
257 775 286 829 in
297 776 473 833 detrectandis
482 779 575 833 eadem
585 778 708 834 formido.
738 778 803 833 Pius

51 864 91 903 ren
110 847 222 903 semdae
240 850 360 905 Britanni
378 852 539 922 praeierunt,
555 860 586 910 ut
599 868 668 926 quos
681 853 803 908 nondum

51 940 80 997 ga
99 940 152 994 pax
172 923 321 980 emollierit.
360 927 428 981 Nam
440 927 532 983 Gallos
549 942 659 1001 quoque
676 929 705 983 in
723 927 803 982 heiiis

51 999 125 1053 uisse
142 1000 308 1068 accepimus:
329 1016 392 1056 mox
411 1004 524 1075 segnitia
538 1016 601 1057 cum
615 1004 669 1059 otio
682 1004 801 1071 intrarit,

51 1074 101 1128 issa
110 1073 209 1127 virtute
218 1075 315 1144 pariter
325 1090 355 1128 ac
366 1077 492 1132 libertate.
528 1077 606 1144 Quod
615 1079 802 1134 Britannorum

51 1149 155 1203 unctis
165 1149 267 1203 evenit:
288 1152 367 1205 oeteri
377 1150 673 1223 manent‚quaiesGaiii
683 1150 800 1209 fuerunt.

58 1227 99 1279 ii.
120 1223 150 1277 iu
168 1222 256 1295 pedite
274 1225 371 1280 robur:
400 1227 532 1297 quaedam
547 1228 667 1280 nationes
681 1236 706 1281 et
720 1242 802 1281 curru

51 1296 171 1352 eiiantur.
210 1298 348 1354 Honestior
364 1301 471 1372 θυήεις
496 1299 605 1354 clientes
621 1308 800 1372 propugnant.

51 1390 74 1426 m
88 1372 198 1445 regibus
210 1373 347 1443 parebant,
359 1390 431 1427 nunc
441 1389 488 1444 per
497 1374 632 1445 principes
643 1372 802 1429 factionibus

51 1447 294 1503 tudiistrshuntur.
333 1444 802 1503 Nocaliudadvereusvalidiesimes

51 1530 94 1577 tes
107 1537 156 1593 pro
168 1523 246 1577 nobis
260 1521 366 1588 utilius,
382 1538 465 1595 mam
478 1522 551 1594 quod
558 1523 586 1577 in
596 1536 739 1578 commune
748 1538 802 1577 non

51 1596 154 1652 sitiunt.
193 1597 803 1668 liarusduabuatribusveoivitatibusndpro-

51 1672 165 1727 sendum
175 1688 318 1728 oemmune
329 1672 479 1744 periculum
488 1681 645 1730 conventus.
675 1673 723 1739 lta,
735 1673 802 1727 dum

51 1746 103 1822 3uii
113 1755 243 1820 pugnant,
255 1749 376 1803 universi
386 1749 541 1804 vincuntur.
580 1747 691 1804 (ioelum
700 1748 801 1803 crebris

51 1823 136 1877 tribus
145 1818 293 1877 acnebuiis
302 1822 423 1879 foedum:
438 1825 566 1895 asperitas
576 1821 706 1897 frigorum
716 1824 799 1878 abest.

51 1914 111 1951 rum
123 1898 206 1967 spatia
218 1897 287 1951 uitra
297 1898 380 1953 nostri
389 1898 462 1953 orbis
471 1912 637 1964 mensuram,
648 1907 675 1952 et
684 1914 737 1954 nox
746 1898 801 1952 cia-

51 1980 199 2027 etaxtrema
213 1972 364 2027 Britanniae
377 1981 451 2044 parte
465 1974 565 2039 brevis,
585 1981 616 2029 ut
630 1973 710 2027 finem
720 1980 801 2043 atque

51 2048 108 2101 ium
126 2046 194 2101 iacis
207 2048 306 2120 exigno
317 2046 474 2102 discrimine
487 2049 659 2103 internosces.
698 2046 801 2112 Quodsi

51 2136 88 2176 ree
97 2136 150 2176 non
159 2120 285 2187 officiant,
301 2121 402 2192 adspici
412 2132 572 2193 pernoctem
582 2121 647 2177 solis
656 2119 800 2193 fulgorem,

57 2196 178 2251 occidam
186 2205 212 2250 et
220 2213 374 2268 exsurgere,
385 2198 433 2251 sed
444 2199 555 2252 transire
565 2194 715 2250 adfirmant.
744 2193 802 2248 Sci-

51 2279 63 2325 t
76 2279 193 2325 extrema
207 2280 232 2326 et
245 2271 325 2343 piano
343 2280 484 2336 terrarum,
507 2270 606 2325 humili
621 2269 727 2333 ambra,
748 2284 802 2323 non

51 2353 109 2419 gunt
121 2346 252 2410 tenebras,
268 2345 392 2417 infraque
408 2345 512 2400 cooiurn
526 2343 648 2399 etsideru
658 2360 712 2397 nox
720 2343 799 2397 cadit.

51 2438 104 2485 um,
125 2428 227 2491 praeter
239 2418 325 2476 oleam
340 2422 478 2491 vitemque
494 2429 520 2474 et
532 2427 618 2473 cetera
628 2417 801 2472 calidioribus

51 2498 79 2550 is
88 2495 152 2550 oriri
162 2504 246 2561 sueta,
267 2498 371 2567 patiens
381 2493 500 2566 frugum,
523 2492 677 2548 fecundum.
717 2490 802 2546 Tarde

51 2573 213 2634 escunt‚cito
222 2571 392 2642 proveniunt.
412 2569 511 2622 Eadem
523 2567 802 2639 utriusquereicaue·

57 2643 161 2699 multus
176 2646 273 2700 humor
286 2652 416 2699 terrarum
427 2641 556 2715 coelique.
596 2642 658 2696 Fert
666 2641 801 2696 Britannia

51 2736 99 2776 um
112 2727 140 2773 et
151 2729 291 2795 urgentem
306 2727 331 2774 et
343 2718 394 2773 alia
404 2716 519 2786 metalla,
538 2717 658 2792 pretinm
665 2718 807 2773 martae
