1950 3016
221 182 271 229 DE
290 182 503 230 annuam.
524 182 602 229 GH.
622 180 745 231 11-89.
828 178 879 233 268

80 287 111 341 in
121 282 218 349 Gallie,
229 278 333 338 Drusus
342 283 452 338 sollers
462 282 667 338 etGermanicus
676 284 704 338 in
714 284 827 340 scissos
837 300 880 340 se-

80 360 163 415 dibus
182 358 361 430 perculerunt.
401 359 463 414 blox
478 360 600 431 ingentes
613 356 644 413 C.
660 357 779 414 Caesaris
791 361 880 416 minae

79 436 111 490 in
122 434 269 489 ludibrium
279 449 381 487 versae.
406 433 470 487 lude
478 433 574 497 otium,
588 432 671 487 denec
679 433 814 489 occasione
823 434 881 490 ‹iis-

81 510 187 565 cordiae
196 516 298 563 nostrue
310 515 335 562 et
344 507 465 563 civilium
475 524 620 573 annorum,
630 509 789 581 expugnatis
799 509 880 582 legio-

80 600 150 639 num
169 583 299 648 bibernis,
318 583 398 636 eoam
418 581 518 638 Gallias
537 582 712 637 adfectavere:
737 600 769 637 ac
784 601 879 638 rursus

79 657 156 732 pulei
180 658 257 722 inde,
281 659 412 728 proximis
429 657 594 728 temporibus
617 656 775 729 triumphati
793 661 880 732 magis

79 750 165 806 quam
177 732 239 788 victi
248 738 320 786 eunt.

138 811 180 863 38.
201 808 280 861 Nunc
297 806 332 861 tle
350 805 446 861 Suavis
463 806 607 861 dicendum
625 814 675 872 est,
695 822 811 878 quorum
827 825 880 864 non

81 898 147 948 uns,
159 891 189 936 ut
197 881 331 937 Cettomm
337 883 567 946 Tencterorumve,
578 898 658 954 gens:
670 882 797 937 maiorem
807 883 880 938 enim

80 958 243 1014 Germaniae
251 962 352 1027 partem
363 956 491 1021 obtinent,
506 958 621 1027 propriis
630 956 718 1012 adbuc
727 959 881 1015 nationibus

81 1032 292 1102 nominibusque
300 1031 419 1096 discreti,
432 1048 599 1102 quamquam
610 1033 639 1087 in
649 1049 792 1088 commune
800 1034 880 1090 Senot

81 1114 220 1164 vocentur.
260 1106 472 1235 lnslgnegentis
492 1106 630 1178 obliquare
641 1109 742 1162 crinem
756 1109 880 1181 nodoque

81 1181 275 1254 substringere.
314 1181 358 1236 Sic
392 1182 453 1235 ueri
467 1198 483 1235 a
497 1183 589 1235 ceteris
600 1182 752 1248 Germanis,
763 1184 804 1237 sic
813 1183 880 1238 Sue-

81 1272 180 1313 vorum
189 1256 299 1329 ingenui
310 1275 323 1310 a
334 1258 429 1320 servis,
441 1263 607 1326 separantur.
632 1257 662 1310 ln
672 1256 733 1311 aliie
742 1259 878 1330 gentibus,

80 1348 132 1387 eeu
142 1331 295 1404 mgnstione
304 1331 394 1403 alique
404 1330 563 1394 Summum,
574 1348 623 1384 seu
633 1330 714 1403 (quod
725 1347 803 1402 saepe
812 1333 881 1386 acci-

80 1406 132 1480 nit)
141 1406 295 1470 imitatione,
307 1423 409 1470 rarum,
420 1412 446 1459 et
454 1405 524 1459 intra
534 1405 657 1458 iuventae
665 1405 797 1476 epatium3
810 1406 882 1476 apud

80 1481 185 1537 Sueeoe
204 1497 292 1553 usque
309 1481 344 1535 ad
360 1480 484 1535 canitiem
503 1478 653 1533 horrentem
672 1478 799 1550 capillum
814 1488 882 1534 retm

80 1565 243 1628 sequuntur,
255 1554 582 1627 meaepeinsolovcrtice
592 1552 713 1627 religant.
744 1555 881 1625 Principes

79 1639 109 1687 et
120 1633 280 1686 nonensem
294 1630 401 1685 babent.
440 1630 478 1684 Ea
493 1646 557 1684 oure
572 1629 681 1694 formae,
700 1629 748 1683 sed
761 1630 879 1684 innoxia.

80 1707 178 1778 Neque
185 1706 257 1760 enim
267 1714 297 1760 ut
305 1712 572 1773 amentameuturve3
584 1705 613 1759 in
622 1704 789 1759 altitudinem
795 1722 882 1777 quan-

80 1780 145 1837 mm
155 1791 182 1835 et
190 1789 325 1846 terrorem,
337 1781 434 1835 edituri
445 1779 524 1845 bella,
535 1780 681 1850 compti,ut
689 1779 807 1835 boetium
816 1797 882 1836 oeu-

80 1856 275 1922 lis‚ornantur.

137 1934 180 1984 w.
210 1929 411 1985 Vetustissimos
429 1946 458 1983 se
477 1927 713 2002 nobilissimosque
731 1929 880 1986 Succorum

79 2005 228 2061 Semnones
238 2011 393 2059 memorant.
434 2003 513 2058 Fides
523 2004 688 2076 antiquitatis
698 2004 825 2077 religione
836 2004 880 2057 fir·

80 2089 181 2135 matur.
219 2078 291 2134 State
305 2087 423 2149 tampoee
436 2079 464 2132 in
478 2078 584 2143 silvam,
599 2080 720 2152 auguriis
736 2087 842 2149 patrum
855 2086 881 2132 et

80 2156 170 2227 prisca
182 2153 323 2208 formidine
332 2170 542 2218 sacram‚omnes
552 2153 673 2207 eiusdem
683 2153 823 2225 sanguinis
833 2169 881 2222 pt>

80 2228 141 2301 pull
151 2228 329 2302 legationibus
342 2235 446 2292 coeunt,
461 2245 590 2299 caesoque
603 2227 710 2299 publice
720 2227 829 2282 bomine
838 2244 881 2280 ce-

81 2304 186 2359 lebrant
198 2302 305 2358 barbari
320 2304 387 2357 ritus
402 2302 531 2358 horrenda
544 2301 699 2372 primordie.
738 2301 786 2355 Est
795 2309 821 2356 st
830 2300 881 2354 alia

81 2378 143 2434 luoo
153 2378 309 2433 maerentis.
342 2378 426 2432 Nemo
435 2378 487 2432 nisi
498 2376 606 2431 vinculo
615 2378 713 2448 ligatus
722 2375 879 2449 ingreditor,

81 2462 113 2509 ut
130 2454 220 2508 minor
239 2460 265 2506 et
283 2459 436 2523 potmbtem
457 2452 578 2506 numinis
595 2449 812 2521 praeseferens.
852 2449 881 2505 Si

82 2526 149 2584 lorte
163 2527 304 2600 prolapsus
317 2537 367 2593 eet,
383 2526 474 2582 adtolli
487 2534 512 2580 et
525 2526 664 2598 insurgere
678 2524 750 2579 baud
763 2525 879 2581 licitum:

81 2620 130 2676 per
144 2603 260 2658 humum
274 2602 450 2658 evolvuntur:
471 2618 557 2672 eoque
570 2601 658 2656 omnis
674 2601 828 2670 superstitio
840 2616 882 2655 re·

82 2676 881 2751 spicit‚tsmquemindeinitiegentie‚ibiregnatcromnium
