1950 3016
64 203 188 279 aero)
276 210 353 260 ala.
372 216 392 261 1.
414 216 502 263 car.
523 216 565 265 ss.
586 218 629 266 er.
829 215 863 267 23

119 317 162 369 36.
183 310 262 368 Haud
280 313 378 369 dubiae
390 316 445 370 iam
459 317 488 372 in
503 319 595 372 eastris
610 319 730 374 omnium
744 327 860 375 mentes:

63 396 209 462 tantusque
219 388 307 455 ordor,
318 399 410 447 utnon
421 393 535 448 oonteati
545 395 651 466 agmine
660 403 685 448 et
695 395 861 465 corporibus,

63 467 91 521 ln
111 472 252 539 suggestu,
273 467 303 519 in
318 483 373 538 quo
390 466 480 537 paullo
494 476 553 522 ante
573 485 651 522 aurea
665 468 764 524 Galbae
777 479 862 523 statua

64 539 159 605 luerat,
180 539 302 594 medium
316 542 384 595 inter
398 544 475 616 signa
485 541 616 598 Othonem
630 542 734 598 vexillis
748 546 863 598 circum-

63 612 165 670 darent.
192 616 249 669 Neo
257 615 373 670 tribunis
383 625 429 671 aut
439 617 639 674 centurionibus
648 618 762 672 adeundi
773 618 861 673 loeus:

62 691 202 764 gregarius
223 688 303 744 miles
321 691 408 747 enveri
428 691 538 764 insuper
560 695 723 765 praepositos
745 692 861 746 iubebat.

64 765 185 837 strepere
199 772 295 819 cuncta
309 764 470 821 elamoribus
484 776 509 822 et
522 767 639 821 tumultu
650 775 675 822 et
685 766 864 822 exhortatione

64 848 168 904 mutua,
184 856 239 894 nou
253 848 389 912 tamquam
403 842 431 896 in
446 840 544 913 populo
557 854 587 896 eo
596 841 682 913 plebe,
695 842 778 895 variis
787 843 863 913 segni

63 914 214 969 adulatione
226 913 345 980 vocibus,
356 915 412 979 sed,
424 923 454 970 ut
463 930 599 989 quemque
608 915 781 971 adfluentium
792 916 864 970 mili-

62 996 121 1043 tum
136 989 321 1060 adspexerant,
336 1006 462 1060 prensare
471 991 606 1057 manibus,
620 988 758 1062 complecti
769 992 861 1055 armis,

63 1063 199 1120 conlocare
209 1064 294 1130 iuxta,
305 1065 407 1136 praeire
415 1073 620 1132 sacramentum,
635 1065 713 1121 modo
722 1067 863 1137 imperato-

63 1156 120 1193 rem
135 1139 278 1202 militibus,
299 1139 377 1194 modo
391 1138 489 1194 milites
503 1141 654 1211 imperatori
667 1141 857 1196 commendare

62 1214 117 1268 Neo
131 1213 220 1268 deerat
234 1211 312 1276 Otho,
327 1213 486 1284 protendens
500 1230 607 1280 manus,
620 1214 728 1270 adorare
737 1215 862 1287 vulgum,

62 1288 150 1343 iacere
172 1286 277 1351 oscula,
302 1291 327 1341 el
349 1286 440 1342 omnia
458 1288 590 1345 serviliter
608 1306 656 1360 pro
674 1289 862 1345 dominatione.

62 1363 207 1434 Postquam
233 1361 358 1417 universa
382 1362 552 1419 classioorum
576 1363 645 1437 legio
667 1374 862 1418 sacramentum

62 1438 122 1492 eius
142 1436 257 1508 aooepit3
278 1437 362 1490 lidens
378 1438 491 1503 viribus,
507 1447 542 1503 et,
558 1455 626 1510 quos
641 1439 729 1493 adhue
742 1438 863 1510 singulos

63 1511 291 1575 exstimulatum,
312 1511 491 1566 aooendendos
509 1515 538 1567 ln
553 1528 696 1567 eommune
710 1520 794 1578 ratus,
815 1529 864 1584 pro

64 1586 133 1642 vallo
144 1594 291 1641 castrorum
301 1589 337 1640 ita
347 1587 444 1658 eoepit:

118 1663 162 1717 m.
184 1661 249 1728 Quis
263 1664 299 1714 ad
311 1677 356 1715 vos
362 1666 540 1730 processerim,
564 1664 754 1726 commilitones,
778 1666 864 1717 dicere

61 1755 115 1792 reon
130 1750 249 1805 possum,
275 1740 336 1804 quia
353 1750 400 1790 nec
416 1742 549 1804 priuatam
571 1752 722 1791 menorans
740 1743 861 1801 sustineo,

60 1816 184 1882 princepe
197 1829 215 1865 a
228 1810 300 1864 vohis
312 1814 473 1879 nominatus;
492 1826 538 1865 nee
549 1816 703 1880 prinoipem,
719 1815 773 1866 otte
782 1818 863 1880 impe-

61 1896 146 1941 rante.
189 1886 306 1939 Vestrum
324 1896 424 1955 quoque
441 1902 530 1940 nomm
550 1891 579 1940 in
597 1890 696 1941 ineerta
709 1893 767 1950 erit,
783 1892 862 1941 donee

62 1960 233 2023 dubitabitur,
249 1964 430 2028 imperatorem
439 1964 528 2028 populi
537 1961 607 2015 Rom.
617 1966 647 2016 tn
657 1967 759 2023 castris,
771 1979 807 2016 on
816 1965 862 2014 to-

61 2045 126 2090 stam
140 2036 264 2089 habeatis.
302 2035 445 2096 Auditisae,
459 2042 488 2088 ut
499 2051 583 2103 poena
597 2053 654 2090 meo
669 2044 693 2089 et
707 2039 863 2104 suppliciam

61 2119 177 2165 oestrum
189 2112 267 2164 nazal
272 2107 455 2177 postulentur?
473 2114 537 2164 adeo
548 2115 712 2179 manifestum
720 2118 766 2172 est,
782 2126 863 2178 neque

58 2190 149 2253 perire
158 2200 213 2246 nos,
224 2198 305 2251 neque
314 2186 400 2238 saluos
409 2198 469 2246 esse,
480 2188 534 2238 nisi
542 2201 604 2249 una,
612 2201 695 2254 posse.
733 2184 775 2246 Et,
789 2191 862 2237 ruitis

61 2263 179 2313 lenitatis
192 2267 229 2312 est
241 2258 334 2320 Galba,
349 2263 403 2312 ium
415 2264 525 2328 fortusse
532 2265 666 2328 promisit:
685 2267 714 2311 at
724 2262 778 2325 qui,
790 2262 862 2311 nntto

62 2341 223 2402 reposcente,
240 2340 276 2386 tot
290 2334 374 2388 miliia
384 2337 649 2388 innocentissimorum
658 2335 769 2385 militurn
779 2339 863 2387 truci-

61 2412 171 2463 daverit.
210 2407 314 2462 Horror
322 2412 436 2461 animum
445 2410 521 2469 subit,
533 2415 649 2476 quotiens
658 2408 782 2460 recordor
790 2412 863 2475 {era-

61 2487 110 2537 lem
125 2486 271 2543 introitum,
286 2489 309 2535 et
324 2485 390 2536 hano
404 2485 486 2536 sotem
503 2474 755 2544 Gntboeniotoriam,
768 2498 825 2535 cum
835 2486 863 2535 in

61 2560 145 2613 oeulis
158 2559 233 2611 urbis
246 2557 379 2610 decantari
393 2559 491 2610 deditos
502 2560 607 2617 iuberet,
620 2570 684 2624 qnos
697 2558 863 2623 deprecantes

60 2637 89 2687 in
98 2636 174 2702 fidem
183 2639 326 2698 occeperat.
342 2630 392 2685 His
401 2634 526 2698 auspiciis
535 2633 623 2683 arbem
633 2636 771 2698 inpressae,
784 2648 862 2698 priam

60 2710 174 2776 pieriam
191 2709 228 2760 od
239 2710 418 2775 pmnomatum
431 2708 537 2774 adtulit,
557 2709 611 2762 uisi
626 2705 883 2762 mantuanorum
