1950 3016
78 206 204 285 sedo.)
285 220 669 270 LIB.11.cltP.1a-21.
840 219 873 270 oa

79 328 163 375 entes.
192 317 301 376 Solidati
311 323 393 387 muri,
404 321 601 396 propugnacula
611 323 707 390 addita,
718 331 808 379 auctam
817 331 874 379 tur-

77 411 130 460 res,
141 396 249 466 provisa
258 405 403 469 parataque
412 414 463 453 non
474 416 547 452 arma
558 397 644 463 modo,
659 398 705 453 sed
713 400 872 472 obsequium

77 470 224 541 etparendi
233 488 322 540 amor;
341 471 413 543 quod
421 472 508 528 solum
518 472 573 527 illis
583 473 703 544 partibus
712 473 872 541 deluit,oum

76 543 187 600 virtutis
195 545 268 600 baud
276 548 428 617 poeniteret.

130 622 177 676 20.
197 620 230 674 At
244 620 365 686 Caecina,
379 621 450 676 velut
464 622 553 677 relicta
567 631 627 694 post
635 621 716 694 Alpes
726 624 834 677 saevitia
843 640 873 678 ao

77 692 194 760 licentia,
210 695 328 752 modesto
341 697 446 770 agmine
461 713 508 768 per
521 699 622 752 Italiam
632 697 749 752 incessit.
789 696 873 752 Orna-

77 776 136 824 tum
149 770 239 842 ipsius
254 771 401 843 municipia
413 780 439 826 et
451 772 567 828 coloniae
582 774 609 826 in
623 772 776 843 snperbiam
786 773 872 828 trabe·

75 844 151 910 bant,
168 845 241 918 quod
250 846 406 902 versicolore
414 847 517 920 sagulo,
534 848 649 912 braccas,
664 847 806 902 barbarum
817 856 872 921 teg-

76 938 150 986 men,
166 920 288 986 indutus,
300 929 398 994 togatos
407 922 600 995 alloqueretur.
641 922 754 977 Uxorem
764 940 871 995 quoque

77 996 146 1061 eius,
158 994 321 1061 Saloninam,
336 1008 501 1069 quamquam
515 999 543 1053 in
557 996 658 1053 nullius
668 998 794 1052 iniuriam
804 999 871 1053 insi·

76 1072 124 1144 gni
133 1087 205 1142 equo
216 1080 339 1143 ostroque
348 1072 496 1137 veheretur,
504 1082 639 1145 tamquam
650 1072 714 1127 laesi
723 1073 871 1145 giavaban·

77 1154 135 1200 tur:
156 1145 235 1200 insita
247 1146 402 1202 mortalibus
412 1156 514 1213 natura,
526 1157 655 1202 recentem
665 1147 776 1202 aliorum
788 1145 870 1202 felici-

77 1228 157 1275 tatem
172 1221 258 1294 aegris
268 1221 352 1276 oculis
362 1223 542 1294 introspicere,
556 1223 718 1294 modumque
729 1220 871 1276 fortunaea

76 1294 162 1351 nullis
181 1297 267 1368 magis
288 1297 407 1371 exigere,
432 1316 514 1370 quam
533 1315 601 1370 quos
618 1299 646 1351 in
667 1313 751 1368 aequo
771 1296 868 1350 videre.

77 1370 199 1436 Caecina,
220 1371 322 1426 Padum
342 1380 532 1446 transgressus,
554 1379 649 1427 tentata
662 1369 870 1425 Othonianorum

76 1444 128 1500 firle
142 1462 190 1517 per
203 1445 374 1518 conloquium
389 1457 414 1502 et
424 1449 563 1519 promissa,
575 1446 669 1501 iisdem
680 1447 787 1516 petitus,
800 1453 871 1515 post-

77 1537 160 1593 quam
179 1538 233 1592 pax
247 1529 273 1575 at
285 1524 421 1578 concordia
435 1522 561 1594 speciosis
575 1530 601 1574 et
615 1521 702 1574 inritis
718 1520 871 1574 nominibus

76 1596 170 1650 iactata
184 1604 257 1660 sunt,
273 1597 382 1651 consilia
397 1614 528 1669 curasque
542 1597 570 1650 in
580 1595 801 1669 oppugnationem
814 1594 871 1649 Pla·

77 1671 177 1725 oentiaa
197 1688 294 1743 magno
313 1680 409 1726 terrore
427 1673 517 1727 vertit:
541 1687 651 1744 gnarus,
672 1682 702 1725 ut
719 1669 793 1725 initia
806 1670 870 1726 belli

76 1745 272 1817 provenissent,
285 1744 381 1800 lamam
391 1748 420 1800 in
430 1756 512 1801 cetera
523 1745 585 1800 iore.

131 1823 174 1876 24.
195 1819 248 1875 Sed
263 1823 367 1891 primus
380 1820 438 1876 dies
453 1823 542 1892 inpetu
555 1821 652 1894 magis,
663 1838 744 1893 quam
756 1823 869 1877 veterani

76 1895 209 1950 exercitus
220 1895 331 1950 artibus.
343 1905 503 1951 transactus:
523 1898 605 1968 aperti
618 1897 770 1968 incautique
780 1915 870 1953 muros

77 1971 194 2034 subiere,
214 1971 273 2025 cibo
293 1971 409 2042 vinoque
428 1989 592 2045 praegraves.
634 1972 662 2026 ln
683 1988 713 2026 eo
729 1975 870 2027 certamine

76 2045 291 2118 pulcherrimum
305 2045 490 2116 amphitheatri
504 2064 580 2117 opus,
594 2046 676 2101 situm
686 2054 757 2102 extra
768 2064 869 2111 muros,

76 2119 262 2193 conflagravit:
284 2121 341 2174 sive
352 2120 385 2174 ab
399 2122 625 2194 oppugnatoribus
639 2123 789 2184 incensum,
804 2120 869 2174 dum

77 2195 147 2250 laces
158 2205 183 2249 et
192 2195 301 2268 glandes
312 2213 342 2249 ac
352 2196 480 2250 missilem
492 2198 579 2269 ignem
591 2199 617 2250 in
627 2196 748 2251 obsessos
754 2195 871 2249 iaculan-

77 2279 136 2336 tur;
157 2271 215 2324 sive
225 2271 259 2325 ab
269 2271 395 2334 obsessis,
406 2271 471 2326 dum
482 2281 573 2325 retorta
584 2273 620 2324 in·
632 2280 717 2324 erunt.
758 2270 871 2323 Munici-

75 2345 137 2418 pale
144 2345 252 2418 vulgus,
262 2362 374 2416 pronum
385 2346 419 2399 ad
428 2347 602 2416 suspiciones,
611 2290 701 2399 llaude
711 2343 789 2396 inlata
800 2345 871 2417 ignis

76 2420 203 2475 alimenta
218 2420 328 2474 credidit
343 2421 530 2493 aquibusdam
541 2438 555 2475 e
566 2420 661 2474 vicinis
671 2416 789 2480 coloniis,
801 2419 871 2473 invi-

76 2495 120 2551 dia
136 2504 163 2548 et
176 2495 359 2558 aemulatione,
375 2497 446 2567 quod
462 2495 534 2550 nulla
549 2496 577 2549 in
589 2493 660 2548 ltalia
674 2491 821 2562 molestam
828 2510 873 2548 ca-

71 2587 128 2640 pax
140 2568 211 2621 foret,
243 2569 407 2641 Quocunque
414 2588 479 2627 casu
489 2572 599 2639 accidit,
610 2571 680 2628 dum
690 2570 825 2628 atrociora
830 2587 893 2626 me

63 2640 213 2722 tuebantuq,
232 2641 262 2692 in
278 2642 335 2696 leri
347 2645 491 2706 habitum:
521 2650 631 2708 reddita
647 2649 816 2717 securitate,
835 2656 914 2704 tam-

63 2722 133 2756 ’Μ
141 2708 405 2790 ⁰¹⁶¹lb⁷⁸l¹⁵¹¹⁸l²⁸li
415 2728 603 2802 potuissent,
615 2729 805 2789 moerebant.
844 2724 935 2782 §ste-
