1950 3016
12 177 15 185 ¹
64 218 89 261 a.
100 220 127 259 e.
137 200 189 277 ru.)
267 210 347 258 nra.
366 212 402 259 rs
423 212 510 260 can.
531 214 652 260 sr-eo.
814 210 861 262 rot

63 314 135 371 obvii
153 330 191 369 ex
209 312 277 367 urbe
294 320 427 369 senatores
445 316 617 387 equitesque:
648 316 757 388 quidam
776 325 859 384 metu,

63 388 141 446 multi
155 406 206 460 per
220 387 407 455 adulationem,
423 391 501 444 ceteri
515 407 546 444 ac
555 389 692 462 paullatim
701 409 804 456 omnes,
816 410 859 457 ne,

15 502 18 507 -
63 465 123 521 aliis
133 462 375 535 proficiscentibus,
386 465 439 535 ipsi
449 474 623 521 remanerent.
644 465 860 539 Adgregabantur

63 537 316 612 eplcbe,tlagitiosa
326 540 860 614 perobsequiaVitelliocogniti‚seurrue,

63 614 219 677 histriones,
229 614 348 686 aurigae,
356 615 455 685 quibus
465 614 510 670 ille
520 616 697 670 amicitiarum
707 616 862 671 debonesta-

64 690 163 747 mentis
179 688 247 743 mire
259 689 399 761 gaudebat.
438 691 492 744 Nec
501 691 617 746 coloniae
629 691 708 746 modo
718 692 862 745 autmuni-

64 766 132 838 cipia
141 770 271 837 congestu
282 764 427 834 copiarum,
437 765 485 819 sed
494 767 547 837 ipsi
556 765 670 821 cultores
679 783 796 838 arvaque
806 782 863 820 nra-

64 841 132 897 turis
141 840 198 895 iam
209 837 341 911 frugibus,
353 847 383 893 ut
392 839 486 894 hostile
496 839 593 906 solum,
604 841 785 896 vastabantur.

117 918 162 970 88.
184 913 283 969 Multae
296 922 323 967 et
334 922 434 969 ntrooes
446 916 515 969 inter
525 933 555 970 se
564 916 681 971 militum
690 916 793 981 caedes,
803 925 863 988 post

10 1050 14 1069 ι
64 991 223 1047 seditionem
238 989 324 1042 Ticini
338 997 456 1061 coeptam
471 1001 592 1045 manente
606 992 739 1065 legionum
748 992 862 1047 auxilio-

65 1081 182 1138 rumque
202 1063 346 1129 discordia3
367 1064 415 1118 ubi
429 1064 556 1120 adversus
573 1084 688 1140 paganos
706 1068 860 1122 certandum

66 1141 139 1207 leret,
150 1156 294 1195 consensu.
334 1137 384 1193 Sed
395 1138 510 1209 plurima
520 1150 620 1214 strages
630 1142 663 1196 ad
673 1143 816 1213 septimum
828 1143 861 1196 ub

66 1216 131 1273 urbe
141 1216 269 1287 lapidem.
308 1212 426 1287 Singulis
437 1215 475 1269 ibi
486 1216 616 1271 militibus
628 1217 748 1271 Vitellius
758 1226 862 1288 puratos

64 1293 148 1357 eibos,
170 1298 200 1345 ut
216 1289 397 1363 gladiatoriam
416 1291 546 1362 saginam,
567 1291 714 1346 dividebat:
740 1299 766 1345 et
779 1291 862 1344 ellusa

10 1404 12 1409 ·
63 1366 157 1441 plebes
176 1366 237 1421 totis
256 1381 286 1418 se
302 1365 395 1419 eastris
410 1366 560 1420 miscuerat.
600 1367 749 1419 lncuriosos
765 1363 862 1418 milites

64 1438 216 1517 (vernacula
237 1440 377 1494 utebantur
396 1439 556 1511 urbanitate)
574 1440 685 1511 quidam
704 1438 860 1510 spoliavere,

64 1518 179 1573 abscisis
194 1515 285 1570 furtim
300 1514 403 1580 balteis,
426 1534 460 1569 an
479 1515 589 1569 accincti
611 1513 694 1569 lorent
709 1515 860 1586 rogitantes.

64 1594 122 1649 Non
132 1590 196 1647 tulit
206 1590 355 1645 ludibrium
368 1589 485 1645 insolens
495 1589 669 1644 contumeliae
677 1590 799 1644 animus:
820 1590 863 1643 in-

65 1684 166 1723 ermem
180 1665 312 1737 populum
325 1663 421 1738 gladiis
436 1666 565 1720 invasere.
606 1664 706 1720 Caesus
719 1666 788 1719 inter
797 1664 862 1720 ulios

65 1752 138 1816 pater
147 1740 253 1805 militis,
264 1757 327 1794 cum
337 1739 424 1794 tilium
435 1741 615 1808 comitaretur3
632 1739 729 1794 deinde
739 1742 858 1814 agnitus:

64 1826 98 1884 et,
113 1817 225 1890 vulgata
239 1814 327 1879 caede,
348 1822 522 1886 temperatum
536 1816 569 1870 ab
582 1816 709 1871 innoxiis.
747 1817 778 1872 ln
796 1817 862 1872 urbe

65 1902 154 1949 tamen
173 1890 343 1962 trepidatum,
363 1892 592 1961 praecurrentibus
604 1893 707 1963 passim
717 1892 858 1947 militibus.

64 1968 165 2024 Forum
180 1965 297 2020 maxime
310 1966 442 2036 petebant,
462 1967 587 2037 cupidine
600 1967 704 2022 visendi
717 1967 815 2032 locum,
832 1969 861 2021 in

64 2060 119 2117 quo
129 2040 216 2098 Galba
225 2040 358 2094 iacuisset.
392 2041 447 2094 Nec
456 2041 547 2096 minus
559 2060 669 2098 saevum
680 2042 860 2113 spectaculum

64 2126 138 2175 erant
147 2118 212 2189 ipsi,
228 2115 308 2188 tergis
318 2114 432 2169 terarum
446 2123 471 2170 et
482 2118 633 2189 ingentibus
644 2118 703 2172 telis
714 2118 859 2181 horrentes,

63 2212 126 2250 eum
139 2192 247 2249 turbam
261 2189 354 2261 populi
364 2206 411 2261 per
421 2192 552 2247 inscitiam
567 2210 662 2264 parum
672 2193 793 2255 vitarent,
804 2199 859 2253 aut,

65 2271 112 2325 ubi
126 2268 231 2323 lubrico
246 2266 304 2320 viae
318 2265 359 2320 vel
373 2283 485 2320 occursu
500 2267 613 2322 alicuius
625 2267 807 2339 procidissent,
827 2265 861 2319 ad

65 2344 197 2418 iurgium,
217 2358 280 2396 mox
293 2341 327 2395 ad
341 2359 438 2395 manus
450 2350 476 2395 et
490 2339 589 2396 terrum
599 2343 748 2397 transirent.
788 2339 860 2406 Quin

64 2428 89 2475 et
100 2418 205 2475 tribuni
219 2413 395 2488 praefectique
410 2433 470 2471 cum
485 2424 582 2472 terrore
601 2426 626 2471 ct
638 2423 798 2470 armatorum
817 2433 861 2470 ca-

64 2495 146 2551 tervis
156 2491 310 2548 volitabant.

115 2572 157 2620 89.
178 2568 241 2635 Ipse
257 2564 384 2631 Vitellius,
406 2584 422 2623 a
439 2574 523 2640 pente
540 2565 650 2635 Milvio,
667 2566 780 2644 insigni
795 2582 886 2639 euno,

42 2638 192 2704 paludatus
204 2639 411 2713 accinctusque,
431 2654 572 2705 senatum
584 2655 614 2705 et
626 2646 775 2725 populum
790 2653 858 2700 aute
872 2658 906 2696 se

33 2718 126 2774 ⁶8⁸⁰&
147 2724 205 2776 quo
222 2712 329 2782 miuus,
351 2727 387 2776 ut
405 2732 544 2799 nuptam,
568 2727 680 2787 urbem
699 2722 930 2807 immisceatur,
