1950 3016
130 180 179 245 tto
363 194 414 241 na
433 192 686 241 onaroniaoa

129 294 216 354 tamen
236 294 343 352 illorum
363 304 512 368 temporum
527 296 705 370 eloquentiam
719 301 745 350 et
759 292 865 369 magnis
878 312 926 351 ur-

129 373 233 429 mulare
255 372 381 444 praemiis
404 372 575 429 videbantur:
605 375 668 446 quia
690 381 790 444 quanto
808 372 927 443 quisque
963 436 965 441 .

128 449 191 522 plus
200 448 312 504 ‹lioendo
322 457 429 520 poterat,
445 456 514 502 tanto
526 447 628 502 lucilius
639 448 750 503 lionores
761 446 927 518 adsequeba-

128 533 180 589 tur‚
193 532 264 579 tenio
279 525 365 597 magis
374 526 401 578 in
413 525 480 594 ipsis
491 524 634 579 honoribus
647 523 770 596 oonlegas
780 540 844 576 suas
853 533 927 578 ante

129 598 192 663 ibat,
205 610 275 654 tanto
285 600 345 672 plus
356 598 426 671 apud
437 602 570 671 principes
579 596 755 674 gratiae‚plus
764 598 926 653 auctoritatis

129 675 200 746 apud
211 686 307 746 patres,
322 674 384 746 plus
398 676 503 730 notitiae
515 692 545 729 ac
556 676 671 730 nominis
682 672 753 746 apud
764 672 868 746 plebem
880 691 926 745 pa-

128 751 211 804 rabat.
246 751 276 804 lli
288 750 417 805 clientelis
425 751 503 805 etiam
516 759 663 805 exterarum
676 751 813 805 nationum
827 748 926 804 rulan-

129 825 237 880 dabant:
260 826 308 880 lios
319 827 380 881 ituri
391 828 418 880 in
428 827 579 897 provincias
588 827 758 900 magistratus
768 824 926 880 revereban-

129 910 181 965 tur,
196 901 244 955 hos
258 902 357 955 reversi
372 901 503 957 oolebant:
525 901 574 958 hos
587 911 612 956 et
622 910 759 973 praeturae
769 898 926 955 etennsula-

129 984 172 1030 tus
183 992 275 1030 vocare
284 975 353 1031 ultro
363 977 536 1032 videbantur:
557 977 584 1030 hi
597 992 629 1031 ne
639 976 734 1048 privati
745 976 856 1049 quidem
867 979 925 1030 sine

128 1060 254 1123 potestate
262 1059 350 1116 erant,
365 1067 427 1106 oum
438 1060 462 1107 et
472 1051 602 1123 populum
612 1060 637 1106 et
647 1060 769 1106 senatum
780 1050 892 1107 oonsilio
902 1058 927 1106 et

129 1128 279 1180 auctmitate
288 1135 415 1200 regerent.
437 1127 594 1193 Quinimmo
603 1127 655 1182 sibi
666 1128 717 1198 ipsi
728 1134 926 1198 persuaserant

129 1206 263 1275 neminem
277 1203 335 1257 sine
348 1201 497 1275 eloquentia
513 1211 559 1257 aut
571 1203 680 1275 adsequi
696 1204 811 1274 possein
821 1205 924 1257 aivimte

129 1287 176 1333 aut
189 1279 255 1333 tueri
271 1278 445 1348 conspicuum
461 1288 486 1333 et
499 1279 659 1333 eminentem
671 1277 768 1333 locum.
809 1277 865 1333 Nec
874 1279 923 1333 mi·

128 1372 200 1419 rum¹
222 1370 283 1408 cum
304 1354 382 1409 etiam
402 1355 480 1409 inviti
499 1352 532 1408 ad
552 1352 682 1425 populum
701 1352 921 1425 producerentur:

129 1446 190 1484 eum
201 1446 295 1501 parurn
306 1437 384 1494 esset,
400 1431 428 1484 in
442 1438 535 1484 senatu
545 1429 660 1484 breviter
669 1444 786 1493 censere,
800 1430 853 1484 nisi
864 1429 923 1502 quis

129 1505 235 1578 ingenio
245 1512 271 1559 et
280 1502 428 1577 elmquentla
442 1506 599 1559 sententiam
608 1518 686 1559 suam
696 1510 829 1559 tueretur:
851 1521 921 1568 oum,

129 1581 157 1635 in
176 1579 294 1652 aliquam
308 1580 438 1636 invidiam
452 1588 498 1635 aut
511 1582 612 1635 crimen
626 1581 721 1645 vocati,
743 1597 792 1634 sua
807 1594 872 1635 νοω
884 1596 925 1633 re-

128 1655 311 1726 spondendum
321 1655 520 1721 haberantoum
526 1655 676 1711 testimonia
681 1670 790 1728 qunque
795 1655 924 1710 iniudioi·

127 1730 152 1785 is
159 1746 212 1785 non
221 1730 343 1785 absentes
353 1746 402 1786 neo
409 1748 456 1803 per
462 1730 809 1797 tabellamdare‚sedoorarn
815 1739 842 1785 et
850 1744 923 1802 prae·

127 1813 215 1860 sentes
234 1805 320 1860 dicere
339 1814 500 1879 eogerentur.
540 1806 576 1861 lta
590 1805 624 1862 ad
637 1822 744 1861 summa
758 1804 924 1879 eloquentiae

126 1881 243 1953 praemia
254 1898 350 1956 magna
361 1883 439 1936 etiam
451 1882 594 1937 nenessitas
604 1880 755 1936 aooedeb'at:
776 1890 803 1936 et
812 1896 925 1954 quomo·

127 1957 161 2012 do
174 1954 302 2011 disertum
319 1956 419 2023 haberi,
434 1955 764 2032 pulcrumetglorlosumr
786 1957 924 2013 siooontra

127 2041 233 2088 mutum
244 2041 269 2087 et
279 2030 413 2106 elinguem
423 2031 518 2098 videri,
533 2032 649 2089 deforme
660 2030 817 2088 habebatur.

182 2111 224 2163 37.
244 2108 314 2182 Ergo
324 2126 376 2163 non
386 2108 478 2162 minus
487 2109 681 2181 rubore‚quam
691 2108 819 2180 praemiis
828 2106 924 2162 stimu-

127 2182 258 2250 labantur,
275 2201 308 2238 ne
322 2182 507 2240 clientulorum
523 2182 579 2240 loeo
591 2185 690 2257 potius,
705 2200 789 2255 quam
802 2192 924 2255 patrono·

127 2277 198 2326 rum,
218 2267 434 2329 numerarentur3
455 2276 489 2314 ne
503 2259 611 2314 traditae
624 2258 796 2314 amaioribus
808 2256 924 2314 necessi·

127 2335 233 2390 tudines
242 2335 275 2390 sd
285 2336 350 2391 alios
360 2335 513 2405 transirent;
527 2351 561 2390 ne
570 2342 706 2408 tamquam
715 2334 824 2400 inertes,
836 2343 863 2390 et
873 2348 923 2389 non

127 2409 263 2466 suffecturi
276 2411 432 2477 honoribus,
449 2418 494 2465 aut
507 2427 560 2465 non
570 2412 740 2482 inpetrarent.
752 2417 799 2464 aut
809 2409 924 2483 inpetra-

122 2492 164 2541 tos
178 2485 249 2542 male
263 2493 407 2543 tuerentur.
446 2484 541 2541 Nescio
553 2503 587 2540 an
597 2486 718 2541 venerint
731 2485 759 2540 in
770 2502 870 2541 manus
880 2501 924 2541 re-

108 2569 184 2620 strae
197 2563 269 2624 liaeo
283 2575 385 2637 vetera,
407 2580 481 2644 quae
493 2571 520 2621 et
526 2564 559 2622 in
566 2563 778 2637 ant'uqiarionim
784 2560 923 2617 bibliothe·

96 2636 142 2693 cis
158 2640 258 2705 annuo
271 2655 404 2719 manent,
429 2656 537 2706 etcum
548 2640 674 2700 maxime
684 2634 833 2691 eblum
839 2642 937 2688 mab*

80 2709 223 2782 lruntur:
248 2742 282 2786 ao
293 2729 357 2790 iam
367 2718 700 2795 undsotmmtaplnor„
713 2704 960 2767 imminens
