1950 3016
123 204 175 260 sou
360 206 708 259 mercurinus·
786 197 922 273 (sumt.

124 310 203 367 ratim
217 307 345 363 adsistere
358 309 442 365 iubet.
482 308 544 364 Illos
556 311 662 380 primus
679 307 769 364 statim
783 308 923 380 adspectus

125 383 347 455 obstupefecerat:
368 401 432 439 cum
445 402 479 439 ex
493 385 598 440 diverso
613 382 685 438 volut
703 385 799 448 aciem,
820 383 881 438 telis
899 392 926 440 et

125 460 209 514 armis
224 468 335 524 trucem,
356 467 440 513 semet
453 459 557 514 clausos
572 459 712 530 nudosque
726 466 752 512 ct
764 457 871 513 inluvie
879 458 925 514 do-

126 533 413 604 formesadspicercnt.
436 533 536 589 Utvero
545 534 600 588 huc
608 532 674 588 illuc
682 533 795 588 distrahi
804 551 923 605 coepere,

126 619 374 681 metusperomnes
384 616 409 662 et
418 609 718 680 praecipuaGermanici
727 608 823 663 militis
833 608 926 664 lormi-

126 684 170 749 do,
187 693 323 756 tamquam
338 700 368 737 ea
382 685 545 755 separatione
555 683 588 738 ad
597 683 703 738 caedem
713 683 923 739 destinarentur:

125 776 252 833 prensare
260 759 529 830 commanipularium
539 768 652 831 pectore,
659 759 925 822 cervicibusinnecti,

125 850 252 906 suprema
265 832 356 888 oscula
370 843 467 904 petere,
483 852 515 888 nc
528 838 707 888 desererentur
719 836 778 896 soli,
793 851 854 897 neu,
863 836 928 903 puri

125 909 155 965 in
164 926 266 971 cerusa,
280 913 412 975 disparem
424 915 556 977 torturum
562 917 729 976 paterentur:
749 908 829 964 modo
840 909 927 964 bluci-

126 1000 220 1047 unum,
233 982 311 1036 modo
325 983 459 1036 absentem
470 985 629 1054 principem,
645 990 809 1054 postremum
820 983 925 1039 caelum

126 1057 228 1112 acdeos
236 1057 374 1111 obtestari:
390 1057 473 1111 donec
483 1058 632 1123 Mucianus,
641 1067 745 1112 retortos
754 1063 868 1113 eiusdem
880 1077 926 1113 so-

127 1137 268 1195 cramenti,
282 1136 394 1184 ciusdem
407 1138 572 1200 imperatoris
584 1137 679 1187 milites
697 1133 844 1204 adpellem,
861 1133 927 1188 falso

126 1207 215 1263 timori
224 1207 331 1261 obviam
341 1209 399 1260 iret.
425 1208 547 1279 Namque
557 1216 582 1260 et
592 1210 675 1262 victor
683 1209 816 1262 exercitus
825 1208 925 1263 clarno-

126 1281 288 1338 relacrimas
297 1298 389 1336 eorum
399 1282 516 1336 iuvabat.
547 1283 627 1353 Isque
637 1282 698 1336 finis
708 1282 753 1337 illa
763 1283 816 1338 die.
857 1285 927 1338 Pau·

126 1360 166 1413 cis
180 1366 240 1428 post
249 1357 355 1420 diebus,
371 1356 556 1428 adloquentem
570 1357 749 1412 Domitianum
762 1358 862 1413 lirmati
873 1361 926 1412 iam

127 1449 261 1504 excepere.
287 1431 422 1503 Spcrnunt
431 1432 532 1487 oblatos
543 1449 634 1504 agros:
656 1432 779 1487 militiam
790 1435 928 1504 etstipen-

126 1508 171 1563 dia
189 1516 273 1563 orant.
314 1508 406 1562 Preces
425 1516 509 1570 crant,
530 1508 576 1561 sed
596 1507 697 1579 quibus
715 1509 860 1562 contradici
873 1525 925 1563 non

125 1591 224 1655 posset.
264 1582 347 1654 lgitur
363 1584 389 1635 in
404 1583 565 1653 praetorium
580 1583 688 1652 accepti.
728 1583 808 1647 Dein,
823 1584 926 1654 quibus

127 1668 197 1711 aetas
207 1664 232 1710 et
241 1657 310 1710 iusta
321 1657 461 1726 stipendia,
469 1656 574 1711 dimissi
585 1674 647 1710 curn
658 1656 819 1721 bonore,alii
829 1658 926 1713 obcul·

125 1747 203 1802 pam:
223 1730 272 1784 sed
285 1732 395 1799 carptim
412 1748 442 1784 ac
456 1730 571 1804 singuli:
592 1749 647 1802 quo
662 1733 796 1788 tutissimo
808 1733 926 1787 remedio

126 1803 640 1860 cousensusmultitudinisextenuatur.

182 1880 222 1932 l'l.
251 1878 375 1932 Ceterum
395 1896 490 1933 verane
510 1882 645 1951 pauperie,
665 1897 699 1934 an
719 1882 759 1934 uti
778 1880 925 1946 videretur,

126 1960 214 2007 actum
225 1953 252 2006 in
262 1963 366 2017 senatu,
379 1963 407 2008 ut
416 1961 560 2009 sescenties
567 1961 712 2010 sestertium
720 1973 738 2008 o
746 1962 860 2022 priontte
868 1975 927 2011 rnu-

127 2037 198 2082 tuem
211 2034 381 2096 acciperetur.
421 2030 643 2101 Praepositusque
657 2031 681 2083 ei
695 2047 774 2083 curae
788 2031 926 2101 Poppaeus

126 2103 261 2157 Silvanus.
302 2104 356 2157 Nec
369 2104 454 2158 multo
466 2113 526 2175 post
536 2106 677 2158 necessitas
688 2105 762 2167 abiit,
774 2106 833 2159 sive
842 2108 927 2160 ontis-

126 2196 154 2233 sa
165 2178 309 2233 simulatio.
339 2177 464 2252 Abrogati
475 2179 547 2242 inde,
560 2179 644 2252 legem
656 2177 754 2233 lcrente
766 2181 924 2244 Domitiano,

125 2253 289 2315 consulatus,
305 2271 374 2324 quos
384 2254 507 2309 Vitellius
519 2254 639 2308 dederat:
661 2253 799 2326 funusque
809 2259 928 2311 censori-

125 2345 173 2382 urn
185 2327 276 2382 Flavio
285 2327 384 2383 Sabino
392 2329 518 2384 ductum:
540 2347 635 2402 magna
646 2329 804 2385 documenta
813 2332 928 2387 instabi-

126 2401 160 2456 lis
172 2402 300 2466 fortunae,
312 2421 474 2476 summaque
484 2405 572 2459 etima
583 2405 728 2458 miscentis.

181 2481 222 2532 ts.
243 2476 300 2532 Sub
314 2479 385 2533 idern
400 2488 506 2551 tempus
521 2480 551 2532 L.
568 2480 629 2534 Piso
642 2478 784 2550 proconsul
801 2481 928 2536 interfici-

121 2559 173 2607 tur.
213 2552 253 2607 Ea
263 2553 297 2608 de
306 2554 386 2610 caede
394 2572 478 2629 quam
487 2556 628 2610 uerissime
641 2550 792 2624 expediam,
808 2558 832 2611 si
843 2574 927 2628 pauca

106 2644 196 2698 suma
205 2632 353 2706 repetiero,
370 2633 405 2690 ab
420 2633 499 2690 initio
512 2631 675 2701 caussisque
681 2628 936 2683 taliumiuc'xnmum

92 2718 153 2759 nou
164 2708 304 2769 absurda.
351 2713 485 2791 Legioin
494 2700 954 2771 blricaauailisnuetutuuduim-
