1950 3016
207 191 257 237 DE
276 190 489 242 enatantis.
509 192 589 242 CAP.
608 190 732 244 29—81.
817 190 863 246 261

67 293 172 350 autent.
211 294 867 365 Exempuoaeribusetooaiaueatbus.ottanum

65 369 96 424 iu
107 386 188 425 usum
199 368 361 439 proeiiorum
371 371 489 441 sepositi,
496 369 570 426 reiut
580 369 629 425 tela
638 371 868 444 atquearmabei«

66 443 291 499 lisreservantur.
315 444 363 498 Est
372 445 401 499 in
412 446 503 500 eodem
512 445 642 519 obsequio
652 454 677 500 et
686 446 866 503 Mettieoorum

66 534 144 593 gene.
186 519 295 573 Protulit
309 520 380 573 euim
396 520 551 594 magnitudo
566 519 657 592 popuii
672 521 784 576 {iunoni
798 522 867 576 uitre

66 595 193 650 Rhenum
207 593 330 665 ultraque
345 603 446 649 veteres
463 597 591 650 terminos
605 594 711 667 imperii
726 597 869 651 reverenti-

66 686 123 725 am.
162 670 199 724 lta
210 669 272 723 sede
281 669 435 742 finibusque
448 671 476 726 in
488 686 537 725 aua
546 671 614 742 ripe,
624 678 715 725 mente
724 672 868 743 animoque

66 745 210 801 nobiseum
220 752 312 817 egunt,
324 753 406 799 cetere
419 745 522 800 simiies
531 744 647 811 Batavis,
664 745 717 800 nisi
727 746 868 818 quodipso

66 819 157 875 adhue
167 827 250 874 terrae
260 836 324 874 suae
334 819 390 875 seio
399 827 424 875 et
432 819 505 876 eoelo
514 821 602 877 aerius
611 822 774 876 animantur.
808 822 867 876 Nou

66 895 267 950 numeraverim
285 894 354 948 inter
372 895 530 950 Germaniae
549 895 675 967 popone,
700 910 868 985 quamquam

65 976 142 1026 tram
151 970 276 1024 Rhenum
287 969 493 1042 Danubiumque
506 971 681 1035 consederint,
692 986 747 1037 eos,
757 986 807 1043 qur
820 971 867 1026 de-

67 1052 187 1100 eumates
204 1060 282 1117 agros
296 1053 426 1099 exeroent.
466 1046 633 1101 Levissimus
647 1047 766 1119 quisque
777 1046 867 1102 Getie-

66 1138 140 1184 rum,
151 1128 177 1174 et
185 1120 275 1190 iuopia
285 1118 382 1185 andex,
396 1119 494 1174 dubiae
502 1122 679 1192 possessionis
689 1122 777 1177 solum
787 1138 865 1178 oceu-

66 1210 175 1267 pavere.
195 1195 258 1248 Mox
268 1193 351 1249 limite
360 1203 425 1259 aeto,
437 1197 618 1267 promotisque
627 1197 777 1267 praesidiis,
788 1199 866 1252 siam

65 1269 174 1341 imperii
184 1277 211 1323 et
218 1284 279 1339 pars
288 1271 439 1340 provincius
452 1270 591 1324 habentur.

124 1348 166 1399 30.
188 1344 259 1399 Uitru
273 1343 322 1399 hos
331 1343 399 1399 Cetti
409 1345 517 1398 initium
530 1344 602 1398 sodis
611 1344 646 1398 ab
656 1345 788 1418 Hercynio
796 1343 866 1399 saitu

66 1419 203 1483 inchoant,
216 1434 267 1473 non
278 1420 314 1473 ite
324 1418 415 1473 eiitrsia
426 1435 457 1472 ae
465 1417 631 1488 palustribus
642 1417 716 1482 loeis,
728 1426 758 1472 ut
767 1426 867 1472 eeteros

67 1495 198 1559 civitates,
209 1495 237 1548 in
247 1511 315 1566 ques
325 1494 467 1549 Germania
478 1495 600 1564 patescit:
621 1493 719 1548 durent
730 1493 865 1564 siquidem

65 1568 158 1633 enites,
178 1568 372 1640 pauiietimque
392 1576 542 1624 rarescunt:
572 1566 694 1623 etCattes
707 1582 772 1622 suos
782 1566 866 1621 saltus

66 1644 218 1718 Hercynius
231 1644 402 1715 prosequitur
415 1643 498 1698 simiai
511 1650 590 1714 attpue
599 1643 716 1714 deponit
755 1643 867 1697 Duriora

65 1718 141 1794 genti
151 1734 269 1790 corpore,
280 1719 364 1773 strioti
373 1726 457 1782 artus,
468 1719 560 1772 minax
570 1717 671 1783 vuitus,
680 1726 707 1773 et
715 1719 799 1773 maior
807 1718 867 1773 ani-

66 1792 204 1868 mirigor.
238 1791 353 1848 Multum
363 1793 402 1866 (ut
411 1794 479 1847 inter
489 1792 644 1866 Germanos)
654 1792 867 1849 rationisaesoi-

66 1868 172 1925 tertiae:
194 1884 353 1940 praeponere
366 1867 471 1933 eiectos,
492 1869 765 1941 audirepraepositos‚
787 1886 865 1925 nosse

65 1943 184 2009 omines.
201 1940 347 2015 intelligere
358 1943 518 2007 ooeesioeee,
533 1943 637 1998 differre
645 1946 763 2016 inpetus,
773 1944 865 2016 diapo-

67 2034 131 2075 nere
144 2019 226 2084 diem,
238 2018 337 2073 euitare
350 2025 462 2083 nostem,
479 2017 610 2074 fortunam
625 2020 692 2074 inter
706 2020 798 2083 dubie,
810 2020 865 2074 vir·

66 2102 151 2149 tutem
162 2093 230 2148 inter
239 2102 308 2148 oerta
317 2110 472 2148 numerere:
491 2093 619 2165 quodque
628 2094 806 2156 rarissimum,
817 2110 866 2147 neo

65 2168 121 2224 nisi
136 2169 269 2224 Romanae
282 2167 440 2238 disciplinae
452 2184 619 2232 eoncessum,
630 2168 692 2238 pius
702 2168 865 2237 reponereiu

67 2242 145 2308 duee,
157 2261 240 2314 quam
249 2245 278 2298 iu
289 2244 415 2297 exercitu.
440 2240 526 2296 Omne
536 2244 616 2297 robur
626 2243 653 2296 in
664 2242 760 2312 pedite,
771 2256 863 2313 quem,

66 2334 150 2390 super
171 2335 260 2379 arma,
287 2317 452 2373 ferramentis
468 2332 578 2389 quoque
599 2325 624 2370 et
643 2316 727 2386 copiis
744 2325 863 2372 onerant.

66 2392 141 2451 Alios
156 2393 190 2447 ad
203 2393 335 2464 proeiium
351 2393 389 2447 ire
399 2392 500 2457 videus,
512 2392 599 2446 seties
609 2391 643 2444 ed
653 2390 764 2445 belium.
804 2391 864 2446 iiari

65 2485 198 2525 excursus
208 2474 238 2523 'et
251 2466 356 2524 fortuita
369 2484 469 2540 pirgus.
508 2466 681 2538 Equestrium
691 2465 864 2525 sanevirinnt

65 2543 314 2615 tdpropriummiu
322 2559 415 2614 parare
423 2542 633 2605 victoriameito
642 2540 743 2595 sedere.
763 2540 866 2596 Veloci-

67 2619 193 2675 tasiuxta
203 2617 520 2682 formidiuean,eunctutio
530 2617 636 2687 propior
645 2615 805 2670 oonatautiaa
814 2623 863 2671 est.

123 2696 166 2749 36.
186 2692 222 2749 Et
235 2692 295 2749 eliis
309 2693 506 2751 Germanorum
521 2691 628 2764 populis
638 2700 797 2763 usurpatum
807 2708 866 2747 rara
