1950 3016
241 199 449 248 aontconn.
469 201 549 248 CAP.
571 201 603 247 et
632 201 673 247 46.
806 195 850 247 30t

56 300 179 357 adsidere
193 301 353 367 valetudini,
369 302 457 359 lovere
470 303 645 368 deficientem,
662 302 750 357 satiari
765 301 852 367 vultu,

55 377 209 448 complexu,
221 395 273 432 non
283 379 401 451 contigit.
437 379 644 448 Excepissemus
653 387 722 432 certe
732 378 854 432 mandata

58 470 199 524 vocesque,
216 470 285 524 quas
300 456 406 524 penitus
416 455 506 508 animo
517 454 669 526 figeremus.
708 453 800 506 Noster
813 453 856 507 bio

56 527 141 590 dolor,
164 538 282 581 nostrum
304 527 417 582 vulnus:
448 529 525 583 nobis
546 537 598 582 tam
616 528 709 600 longae
722 528 856 580 absentiae

56 603 206 658 conditione
216 611 275 657 ante
283 602 490 674 quadriennium
502 605 619 657 amissus
630 620 667 656 es.
692 600 788 655 Omnia
798 605 857 655 sina

53 677 150 755 dubio,
161 679 260 747 optime
271 687 419 748 parentum,
426 677 562 733 adsidente
572 678 754 732 amantissima
764 693 854 740 uxore,

57 751 214 824 superfuere
236 752 329 807 honori
351 763 409 807 tuo:
441 752 612 823 paucioribus
631 758 718 806 tamen
740 751 857 804 lacrimis

57 829 221 898 compositus
235 845 274 894 es,
295 836 320 882 et
333 828 480 883 novissima
495 830 523 881 in
539 826 597 881 luce
611 827 794 883 desideravere
807 825 858 880 ali-

57 902 125 975 quid
135 900 205 957 oculi
216 904 264 957 tui.

114 979 157 1031 tt,
177 976 204 1030 Si
215 978 278 1049 quis
288 978 394 1047 piorum
404 977 529 1031 manibus
539 975 626 1041 locua;
648 976 859 1046 si‚utsapienti-

58 1052 111 1107 bur
130 1051 224 1122 placet,
244 1069 297 1106 non
318 1069 380 1106 cum
400 1069 508 1122 corpore
522 1054 729 1124 exstinguuntur
746 1067 858 1124 magnae

58 1128 178 1182 animae:
199 1126 301 1197 placide
310 1128 443 1198 quiescas,
465 1144 578 1197 nosque,
598 1127 802 1190 domumluarn,
823 1125 857 1179 ab

58 1201 167 1255 infirmo
180 1200 310 1255 desiderio
324 1210 349 1255 et
364 1201 542 1265 muliebribus
560 1203 682 1256 lamentis
697 1202 730 1255 ad
740 1210 858 1255 coutem-

57 1275 203 1349 platiouem
218 1278 346 1331 virtutum
362 1284 468 1331 tuarum
484 1293 570 1338 voces,
588 1293 656 1346 quas
671 1292 758 1346 neque
773 1275 858 1346 lugeri

58 1368 148 1422 nequa
159 1349 248 1423 plangi
260 1350 298 1405 ias
308 1358 361 1405 est:
382 1351 555 1404 admiratione
565 1358 589 1403 te
601 1351 698 1419 potius,
709 1359 735 1402 et
747 1351 858 1402 immor-

59 1427 159 1481 talibus
171 1424 305 1490 laudibus,
317 1434 349 1486 et,
361 1425 384 1478 si
396 1434 488 1478 natura
498 1425 658 1494 suppeditet,
669 1421 802 1478 aemulata
812 1423 859 1476 de-

58 1517 192 1557 coramus.
231 1501 257 1554 ls
269 1517 347 1555 verus
357 1500 450 1564 bonos,
465 1516 495 1553 ea
505 1499 715 1554 coniunctissimi
727 1500 859 1568 cuiusque

58 1578 155 1649 pietas.
194 1574 225 1631 ld
245 1575 314 1630 sillae
332 1591 441 1646 quoque
461 1576 594 1644 uxorique
610 1574 798 1644 praeceperim,
820 1572 860 1624 sic

58 1652 152 1724 patris,
172 1651 213 1705 elo
225 1651 313 1705 mariti
328 1651 483 1704 memoriam
499 1649 629 1713 venerari,
649 1657 679 1702 ut
693 1649 782 1702 omnia
794 1645 859 1700 iacta

57 1726 184 1797 dietaque
198 1726 257 1781 eius
269 1743 360 1780 secum
375 1723 521 1788 revolvant,
544 1723 695 1794 famamque
704 1739 735 1777 ac
744 1722 858 1796 liguram

57 1802 144 1857 animi
158 1803 244 1873 magis
259 1817 342 1874 quam
355 1800 472 1870 corporis
486 1798 705 1869 complementum
727 1815 780 1852 non
795 1798 859 1870 quia

58 1875 277 1933 intercedendum
292 1885 384 1947 putem
395 1875 569 1947 imaginibus,
590 1890 660 1946 quae
670 1891 801 1928 marmore
813 1879 860 1927 aut

59 1968 121 2007 aere
131 1951 283 2024 linguntur:
304 1950 351 2004 sed
365 1958 395 2004 ut
404 1949 496 2004 vultus
506 1949 656 2014 hominum,
667 1950 704 2003 ita
716 1948 858 2002 simulacra

59 2025 154 2083 vultus
168 2025 292 2080 inbecilla
306 2042 337 2079 ac
346 2023 465 2078 mortalia
477 2032 554 2092 sunt;
575 2023 658 2079 lorma
670 2025 766 2076 mentis
776 2030 860 2075 aeter·

59 2120 110 2158 na:
131 2118 214 2173 quam
228 2109 316 2155 tenere
329 2108 354 2154 et
363 2100 522 2170 exprimere,
533 2117 586 2153 non
596 2116 643 2170 per
652 2098 766 2153 alienam
777 2105 860 2149 mate-

59 2177 129 2233 riam
139 2183 268 2241 etartem,
280 2174 327 2229 sed
337 2174 390 2230 tuis
400 2175 458 2244 ipse
467 2173 702 2243 moribus,possis.
721 2169 860 2240 Quidquid

60 2269 95 2309 ex
104 2250 226 2324 Agricola
236 2251 397 2313 amavimus,
408 2249 543 2321 quidquid
552 2248 640 2303 mirati
650 2263 756 2308 sumus,
771 2251 860 2299 manet

61 2341 276 2396 mansurumque
289 2332 330 2379 est
343 2325 372 2378 iu
385 2325 484 2378 animis
496 2323 648 2385 hominum,
668 2320 696 2374 in
710 2320 861 2374 aeternitate

62 2409 223 2472 temporum,
235 2399 305 2453 lama
315 2416 414 2452 rerum.
454 2400 521 2452 Nam
534 2396 632 2451 multos
642 2402 771 2458 veterum,
787 2393 861 2447 velut

60 2476 190 2550 inglorios
200 2482 226 2530 et
234 2473 376 2548 ignobiles,
391 2472 491 2528 oblivio
501 2472 609 2526 obruet:
630 2468 762 2542 Agricola,
773 2477 863 2539 poste-

61 2550 133 2606 ritati
142 2558 264 2605 narratus
273 2558 299 2604 et
307 2548 429 2614 traditus,
440 2553 575 2620 superstes
585 2544 646 2601 erit.

348 2720 587 2748 ψ
