1950 3016
130 212 179 268 278
332 214 727 263 c.counnn11nac1·r1

130 335 210 372 mana
224 317 317 373 notitia
330 316 522 389 complectitur,
536 315 665 380 mxima,
679 315 767 386 spatio
779 331 811 370 ac
820 313 928 372 coelciu

130 391 266 447 Orientem
276 393 445 456 Germaniae,
460 393 488 445 in
504 390 673 446 Occidentem
683 390 830 460 Hispaniae
837 391 930 445 obten-

129 466 215 522 ditur:
247 466 332 522 Gabis
347 467 375 522 in
389 465 528 523 meridiem
539 465 784 535 atiaminspicitau:
815 473 931 537 septem-

129 542 250 597 trionalia
266 543 335 605 eiua,
359 540 443 596 nullis
457 549 545 594 contra
561 541 648 604 terris,
669 546 745 593 vasto
759 547 843 611 atqua
855 557 931 611 aper-

129 624 156 670 to
169 618 237 671 mari
252 616 403 687 pulsantur.
443 615 566 669 Formam
579 614 661 668 totius
674 613 828 668 Britanniae
836 615 931 670 Livius

130 699 260 755 veterum,
283 691 384 745 Fabius
405 689 532 743 Rusticus
550 689 697 742 recentium
716 687 931 760 eioquentisaimi

130 774 259 828 auctores,
275 764 405 836 oblongae
418 762 537 818 scutulae
547 762 589 816 vel
603 762 713 833 bipenni
723 763 929 819 adsimulavera.

129 840 163 894 Et
173 848 213 895 eat
223 856 252 893 ea
263 838 344 894 iacies
352 840 418 894 citra
428 837 687 901 Caledoniam,unde
696 839 760 892 etin
770 839 931 894 universum

130 913 199 970 fama
214 922 254 967 est
268 920 441 985 transgressa.
481 912 533 967 Sed
545 912 700 967 inmensum
713 919 739 967 et
748 929 859 968 enorme
871 931 932 985 spa-

131 989 197 1043 tium
208 988 421 1057 procurrentium
432 994 551 1042 extremo
560 989 613 1041 iam
625 985 699 1041 litem
708 988 932 1053 terrarum‚velut

129 1063 158 1117 in
168 1078 284 1116 cuneum
295 1069 427 1115 tenuatur.
455 1062 529 1116 Hane
537 1078 610 1116 oram
622 1061 764 1116 novissimi
773 1064 859 1118 maris
868 1071 932 1118 banc

129 1136 249 1207 primurn
268 1136 385 1190 Romana
404 1134 499 1191 classis
516 1137 707 1200 circumvecta,
729 1135 851 1192 insulam
873 1154 931 1193 ease

129 1211 291 1267 Britanniam
307 1210 468 1275 adfirmavit,
483 1228 515 1264 au
528 1209 610 1266 simui
624 1211 773 1284 indignitas
782 1211 932 1268 adidtem·

129 1302 182 1358 pua
195 1285 309 1350 insulas,
325 1303 393 1357 quas
403 1284 519 1340 Orcadas
529 1293 632 1350 vocant,
648 1286 752 1340 invenit
761 1285 928 1359 domuitque

130 1360 251 1432 Dispecta
266 1368 307 1415 eet
316 1368 341 1414 et
351 1360 446 1425 Thule,
459 1377 543 1433 quarn
556 1360 684 1414 hacteuus
694 1362 743 1415 nix
751 1361 877 1417 ethiema
886 1362 932 1417 ab·

130 1436 245 1504 diderat;
256 1435 304 1491 sed
314 1452 387 1491 mare
398 1436 508 1508 pigrum
518 1441 543 1488 et
552 1451 633 1507 grave
642 1435 851 1508 remigantibus.
871 1437 932 1492 Per·

130 1510 232 1574 bibent.
248 1527 282 1565 ne
292 1511 379 1573 uentis
388 1509 499 1582 quidem
509 1508 619 1581 perinde
633 1509 738 1565 adtolli:
759 1511 849 1576 cedo,
859 1510 931 1584 quod

129 1586 242 1640 rariores
252 1593 336 1639 terrae
346 1594 512 1656 montesque,
523 1601 619 1639 caussa
629 1601 660 1639 ac
670 1587 778 1640 materia
788 1594 932 1657 tamm-

129 1668 198 1724 tum‚
214 1667 239 1713 et
253 1658 384 1729 profunda
395 1658 479 1715 moles
489 1659 608 1715 continui
618 1659 701 1715 maris
711 1659 815 1714 tardius
824 1661 932 1732 inpelli·

129 1741 183 1788 tur.
209 1734 336 1788 Naturam
348 1733 446 1789 Oceani
455 1740 536 1805 amnt
544 1743 634 1789 aestus
643 1751 731 1806 nequa
739 1750 873 1806 quaerere
881 1737 932 1791 bu-

129 1807 173 1862 ius
193 1809 281 1878 operis
301 1816 350 1873 est,
370 1826 402 1863 ac
415 1808 493 1865 multi
503 1808 626 1864 retulere.
665 1809 756 1864 Unum
765 1809 930 1866 addiderim:

129 1899 264 1953 uuaruam
276 1881 355 1938 latina
364 1883 495 1940 dominari
506 1882 712 1948 mare,muitum
722 1882 871 1941 fluminum
879 1885 933 1941 huc

129 1965 209 2030 atqrm
222 1956 288 2011 iiiuc
302 1956 379 2022 ferre,
396 1975 445 2013 nec
456 1958 531 2013 litore
541 1966 619 2012 tenua
627 1957 779 2014 adcrescere
787 1967 836 2014 aut
844 1977 932 2017 resor-

128 2033 196 2097 beri.
212 2032 260 2087 sed
275 2031 386 2088 intinere
398 2034 505 2104 penitus
515 2040 595 2105 atque
604 2033 716 2098 ambire.
728 2041 754 2089 et
765 2033 840 2108 iugis
850 2037 929 2091 ctiam

129 2116 209 2180 atque
218 2108 353 2163 montibus
363 2108 445 2163 inseri
456 2107 528 2162 velut
537 2109 567 2163 in
576 2124 636 2163 suo.
972 2128 974 2141 ¹

186 2185 227 2237 tt.
248 2182 382 2248 Ceterum,
397 2183 559 2237 Britanniam
575 2183 624 2254 qui
637 2180 761 2237 mortales
769 2182 848 2239 initio
857 2182 931 2238 colu·
965 2154 974 2245 ,i

129 2259 208 2321 erint,
228 2257 414 2331 indigenaean
426 2256 539 2321 advecti,
559 2266 589 2311 ut
597 2257 666 2312 inter
676 2256 813 2322 barbaros,
832 2274 928 2328 parum
972 2326 974 2333 Ι

129 2342 303 2402 compertum.
336 2332 448 2387 Habitus
458 2348 598 2402 corporum
610 2332 690 2386 varii:
713 2340 931 2402 atqueaxecar-
972 2362 974 2377 ι

128 2415 265 2480 gumenta.
305 2407 428 2478 Namque
449 2406 544 2461 rutilae
561 2404 731 2462 Caledoniam
751 2406 928 2463 habitantium

129 2498 230 2545 comae,
236 2482 326 2554 magui
337 2481 614 2546 artus,Germauieam
624 2481 754 2554 originem
764 2481 927 2538 adseverant

129 2554 249 2611 Silurum
270 2555 376 2612 colorati
396 2555 488 2612 vultus
502 2563 528 2610 ct
543 2555 603 2610 torti
617 2555 778 2627 pierumque
790 2559 891 2623 crinea,
904 2562 929 2611 ct

129 2631 214 2700 posita
223 2638 312 2687 nonna
321 2631 459 2702 Hispania,
473 2631 563 2687 iborea
573 2638 674 2687 veteres
686 2631 823 2687 traiecisse
831 2648 928 2706 aesque

125 2703 204 2761 aedes
217 2721 373 2779 occupasse,
389 2705 469 2763 fidem
483 2704 593 2763 iaciunt.
632 2705 751 2763 Proximi
761 2705 931 2767 Gallisatsi·
