1950 3016
137 208 188 264 254
307 212 334 258 G.
355 209 576 257 CORNELIUS
595 208 762 255 Tscl'rus

138 313 266 376 suaseris,
281 330 364 384 quana
379 329 472 368 vocare
485 311 574 367 hostes
589 318 614 366 et
623 309 734 365 vulnera
744 310 854 365 mereri.
891 310 930 365 Pi·

137 405 217 461 grum
236 388 389 458 quinimmo
407 395 433 441 et
444 387 517 441 iners
535 385 648 450 videtur,
672 384 770 439 sudore
784 385 929 457 adquirere¹
964 406 969 457 ς

137 463 210 534 quod
220 463 307 533 possis
317 463 558 534 sanguineparars.
964 462 968 499 Ι

194 540 235 591 15.
256 535 383 602 Quotiens
398 535 466 590 bella
477 553 529 590 non
538 536 641 598 ineunt,
655 532 772 588 multum
783 534 929 599 venatibus,

137 611 200 683 plus
209 629 256 683 per
265 613 350 665 otium
359 611 518 682 transigunt,
529 609 612 663 dediti
621 625 716 663 somno
726 609 851 680 ciboque.
872 608 931 663 For·

138 688 261 741 tissimus
276 687 393 756 quisque
408 701 439 738 ac
450 684 671 738 bellicosissimus
681 682 749 737 nihil
759 701 855 756 agens,
866 683 931 739 dele-

137 767 196 834 gato
206 761 303 815 domus
313 768 338 813 et
348 760 486 813 Penatium
501 766 527 812 et
536 775 660 831 agrorum
671 764 734 811 cura
745 756 856 813 leminis
865 759 919 813 soni
965 770 968 779 ·

137 836 244 906 busque
253 843 278 888 et
287 833 471 889 infirmissimo
481 833 579 904 cuique
588 849 622 886 ex
630 831 745 886 familia:
757 833 813 903 ipsi
823 832 929 900 hebent;

138 913 205 964 mira
215 909 367 962 diversitate
376 917 494 972 naturae,
501 925 563 962 cum
572 906 654 961 iidem
665 907 787 961 homines
797 908 839 963 sic
848 912 932 963 ament

137 983 260 1037 inertiam
270 991 296 1036 et
307 982 545 1053 oderintquietem.
574 982 631 1036 Mos
642 988 682 1034 est
690 981 856 1048 civitatibus,
867 982 931 1038 ultro
965 1050 969 1063 Ι

136 1073 168 1109 ac
187 1056 287 1109 viritim
307 1055 424 1110 conferre
444 1056 611 1127 principibus
629 1054 671 1111 rol
691 1064 874 1112 armentorum
892 1055 930 1111 vsl

137 1129 257 1201 [rugum.
268 1129 349 1199 quod,
362 1147 409 1201 pro
418 1130 517 1186 honore
526 1138 671 1200 acceptum,
681 1131 761 1184 etiam
770 1132 930 1187 necessitati-

136 1204 189 1259 bus
198 1204 332 1258 subvenit.
347 1204 469 1259 Gaudent
479 1206 620 1275 praeprue
629 1204 804 1260 finitimarum
813 1209 930 1279 gentium

136 1280 223 1343 donis,
238 1297 310 1350 quae
323 1297 375 1334 non
390 1279 467 1334 modo
481 1279 631 1351 asingulis‚
643 1279 690 1332 sed
703 1279 812 1349 publice
824 1282 931 1336 mittun-

137 1363 194 1409 tur:
218 1354 293 1408 elccti
312 1357 386 1425 equi,
406 1372 501 1427 magna
520 1372 603 1418 arma,
624 1352 746 1424 phalerae
760 1362 929 1429 torquesque.

137 1430 191 1483 Iam
202 1437 227 1482 et
235 1431 375 1500 pecuniam
386 1429 503 1499 accipere
511 1428 663 1484 docuimus.

193 1507 233 1557 16.
254 1503 348 1557 Nullas
367 1503 561 1558 Germanorum
580 1502 687 1574 populis
708 1503 789 1558 urbes
809 1503 929 1569 habitari.

136 1580 201 1633 satis
212 1587 304 1632 notum
315 1586 367 1632 est:
389 1595 422 1632 ne
432 1578 484 1649 pati
496 1578 605 1648 quidem
618 1579 686 1632 inter
695 1596 724 1632 se
733 1579 839 1634 iunctas
847 1579 929 1635 smus.

136 1652 233 1708 Colunt
245 1652 510 1717 discretiacdiversi‚
531 1660 562 1706 ut
576 1651 644 1717 lons,
665 1661 827 1724 utcnmpus¹
848 1662 930 1709 utne·

136 1744 198 1780 mus
216 1725 324 1795 placuit.
363 1728 441 1783 Vicus
456 1726 550 1792 locant,
572 1745 624 1782 non
644 1727 673 1781 in
691 1735 813 1783 nostrum
833 1746 930 1785 morem

135 1801 262 1853 connexis
282 1808 307 1854 et
325 1801 525 1856 cohaerentibus
545 1801 687 1856 aediliciis:
718 1820 796 1856 suam
816 1805 930 1876 quisquo

135 1874 244 1927 domum
256 1875 340 1943 spatio
349 1876 502 1939 circumdat,
513 1876 571 1930 sive
580 1876 709 1931 adversus
719 1895 798 1931 casus
810 1879 883 1951 ignis
892 1895 930 1933 re·

135 1947 264 2012 medium,
286 1950 344 2004 sive
357 1952 462 2005 inscitia
476 1951 640 2006 aedificandi.
680 1951 720 2005 Ne
735 1962 929 2009 caementorum

134 2022 244 2095 quidem
264 2024 335 2093 apud
353 2024 413 2078 illos
433 2032 479 2079 aut
498 2024 646 2097 tegularum
668 2044 748 2080 usus:
774 2029 885 2089 materia
898 2027 929 2082 sd

134 2099 223 2152 omnia
239 2106 349 2152 utuntur
363 2097 470 2153 informi
485 2107 510 2152 et
523 2100 586 2153 citra
601 2101 717 2170 speciem
729 2101 929 2157 nutdelectstio·

134 2190 206 2226 nem.
227 2171 361 2238 Quaedam
373 2172 428 2227 loca
438 2172 594 2246 diligentius
604 2174 720 2229 inlinunt
729 2183 805 2238 terra.
818 2178 854 2232 ita
864 2194 928 2248 pura

134 2246 336 2316 resplendente,
354 2255 381 2301 nt
391 2248 522 2317 picturam
532 2265 563 2303 ac
573 2248 729 2305 lineamenta
740 2248 858 2307 colorum
869 2253 929 2307 imi-

133 2329 211 2374 tetur.
252 2320 340 2374 Solent
353 2330 378 2375 et
393 2323 577 2377 subterraneos
591 2341 687 2394 specus
703 2326 815 2395 aperire,
832 2343 928 2399 eosque
967 2370 969 2397 ,

133 2394 218 2449 multo
233 2396 343 2465 insuper
357 2395 420 2451 limo
433 2405 552 2462 onerant,
567 2398 715 2472 suffugium
730 2399 814 2454 hiemi
825 2410 851 2457 ct
861 2419 928 2457 reos·

133 2468 270 2540 ptaculum
289 2469 422 2542 frugibus,
447 2473 510 2542 qnia
526 2473 639 2544 rigorem
654 2473 784 2547 frigorum
798 2474 927 2532 eiusmodi

127 2543 196 2598 locis
206 2543 344 2601 molliunt:
367 2553 402 2612 et,
413 2546 438 2601 si
447 2546 554 2618 quando
563 2547 646 2601 hostis
656 2549 772 2614 advenit,
784 2560 874 2621 aperto
883 2568 927 2623 po-

111 2618 241 2690 pulatur,
260 2623 354 2680 abdita
371 2619 936 2692 autemetdeiossauutignnrantummm

105 2695 172 2769 ipso
182 2696 302 2772 fallunt,
315 2702 397 2781 quod
407 2696 574 2781 quaerenda
580 2704 660 2752 sunt.
