1950 3016
65 207 191 283 nero.)
265 220 647 272 n1n.1v.oee.1r.1s.
820 218 865 270 tot

66 323 191 375 bertotem
208 329 307 375 notura
326 325 404 376 ettam
417 328 496 378 mutis
508 328 667 380 animalibus
681 331 787 380 dotem:
811 331 868 380 oir-

66 405 144 450 tutem
150 401 290 464 proprium
300 400 429 451 bominum
441 401 540 454 bonum.
578 401 645 454 Deos
656 405 809 470 fortioribus
819 405 869 454 nd·

65 489 124 526 este.
146 471 259 525 Proinde
268 477 419 540 adriperent
428 478 505 528 vnoul
515 483 661 542 occupatos,
675 480 769 545 tnteqrt'
778 482 866 546 sessos.

64 547 133 601 Dum
143 549 195 600 olii
210 547 398 614 Vespesionum,
409 552 459 602 olii
472 550 601 604 Vitellium
610 555 721 620 foveant,
730 561 820 619 potere
830 553 869 604 lo-

65 638 122 676 oum
136 625 263 676 adaerere
271 631 418 692 utrumque.

121 699 164 751 ts.
186 695 230 751 Sic
240 698 267 750 in
280 695 380 751 Gallias
391 697 603 770 Germaniasque
611 700 739 765 intentus,
754 699 778 754 si
789 699 870 755 desti-

64 779 125 826 nata
146 774 347 841 provenissent,
370 771 599 828 validissimarum
619 774 869 846 ditissimarumque

64 848 205 902 nationum
227 863 308 920 regno
327 847 484 902 inminebat.
524 847 558 902 At
577 848 688 905 Flaccus
703 849 869 904 Hordeonius

63 923 169 994 primos
179 921 274 977 Civilis
284 930 393 977 conatus
404 939 450 993 per
460 923 701 979 dissimulationem
712 924 787 980 aluit.
817 925 867 979 Ubi

64 1005 219 1071 expugnata
229 1004 324 1062 eastre,
340 997 437 1051 deletes
447 998 575 1064 cohortes,
587 999 698 1070 pulsum
709 1001 867 1055 Batavorum

64 1072 156 1127 insule
180 1073 330 1127 Romanum
358 1089 453 1128 nomen
477 1073 573 1145 trepidi
598 1077 685 1129 nuntii
704 1075 866 1141 adferebant,

64 1148 230 1202 Mummium
251 1148 407 1219 Lupercum·
422 1147 548 1221 legatum,
562 1148 720 1222 (induerem
732 1151 867 1224 legionum

64 1222 188 1277 bibernis
198 1222 325 1296 praeerat)
338 1223 426 1297 egredi
438 1223 566 1278 adversus
577 1225 679 1279 hostem
690 1226 772 1279 iubet.
813 1225 869 1277 Lu-

63 1314 163 1370 percus
183 1297 341 1370 legionarios
359 1299 583 1369 epreesentibus,
604 1299 687 1353 Ubios
701 1300 866 1369 eproximis,

64 1374 242 1428 Treverorum
257 1375 361 1444 equites
375 1374 447 1427 haud
463 1373 540 1445 longe
552 1375 663 1445 egentis,
675 1374 771 1442 raptim
783 1381 870 1426 trans-

66 1450 150 1512 misit,
167 1447 255 1502 addita
268 1449 426 1503 Batavorum
442 1446 492 1512 ala,
508 1464 578 1518 quee
591 1448 645 1501 iam
658 1446 762 1518 pridem
772 1463 870 1501 eonru-

64 1532 121 1597 pta,
134 1523 215 1577 tidem
225 1523 423 1587 simulabatut,
436 1523 548 1594 proditis
557 1523 585 1575 in
596 1523 653 1592 ipsa
665 1522 720 1576 aoie
729 1523 866 1587 llomanis,

65 1601 167 1654 maiore
176 1599 260 1669 pretio
271 1599 282 1652 1
283 1606 381 1672 egeret.
409 1597 515 1661 Civilis,
526 1604 662 1668 ceptorum
673 1597 821 1652 eohortium
831 1598 870 1651 si·

64 1675 129 1748 gnis
143 1672 334 1738 oireumdatus,
349 1680 379 1727 ut
392 1689 441 1727 suo
450 1671 530 1726 militi
541 1688 632 1726 reeens
642 1672 725 1746 glorie
736 1681 796 1727 ente
805 1690 869 1728 oeu-

66 1749 116 1815 los,
130 1757 156 1802 et
164 1749 254 1802 hostes
265 1749 391 1802 memorie
402 1746 485 1801 eladis
496 1754 663 1808 terrerentur,
671 1755 780 1802 matrem
790 1766 867 1804 suam

66 1839 235 1896 sororesque,
242 1822 324 1876 simul
335 1824 457 1877 omnium
466 1823 592 1895 coniuges
599 1839 750 1896 parvosque
758 1824 866 1889 liberos,

66 1899 211 1955 consistere
224 1914 239 1951 a
253 1905 327 1970 tergo
337 1897 424 1951 iubet:
445 1897 608 1952 hortamenta
619 1900 743 1954 victoriae
754 1900 794 1955 vel
806 1899 868 1971 pnl-

65 1975 105 2029 sis
120 1972 260 2045 pudorem.
301 1973 334 2026 Ut
349 1973 467 2027 virorum
479 1981 567 2038 cantu,
580 1971 740 2029 feminarum
750 1974 866 2038 ululatu,

66 2051 158 2104 sonuit
168 2049 247 2112 acies,
264 2064 434 2119 nequaquam
450 2064 498 2118 per
513 2065 528 2102 a
541 2047 691 2121 legionibus
701 2048 869 2102 cohortibus-

66 2140 121 2197 que
130 2122 251 2177 redditur
260 2122 368 2176 olamor.
408 2122 559 2177 Nudaverat
573 2125 714 2177 sinistrum
725 2137 808 2174 oornu
818 2121 869 2173 Ba-

65 2207 189 2254 tevorum
200 2196 240 2251 ela
251 2195 441 2270 transfugiens,
453 2199 597 2269 statimque
606 2200 633 2252 in
646 2214 694 2250 uos
705 2212 791 2250 verse.
817 2193 869 2248 Sed

65 2273 229 2347 legionarius
239 2271 327 2336 miles,
339 2288 503 2344 quamquam
516 2273 596 2326 rebus
605 2270 725 2341 trepidis,
742 2285 815 2322 arma
825 2285 869 2323 or-

66 2349 199 2420 dinesque
208 2347 350 2416 retinebat,
372 2340 500 2401 Ubiorum
514 2347 744 2416 Treverorumque
757 2343 867 2408 auxilia,

67 2422 141 2479 foeda
153 2422 218 2496 fuga
227 2421 357 2493 dispersa,
369 2422 430 2476 totis
441 2420 544 2491 eampis
553 2418 685 2490 palantur.
716 2417 782 2471 Illuc
792 2418 869 2471 ineu-

66 2499 150 2554 buere
170 2498 307 2552 Germani.
347 2497 380 2550 Et
395 2495 445 2550 luit
458 2496 565 2549 interim
578 2493 707 2566 ellugium
718 2491 870 2565 legionibus

66 2575 94 2628 in
106 2581 199 2636 cestre,
212 2573 314 2642 quibus
328 2573 444 2628 Veterum
458 2586 560 2628 nomen
571 2576 623 2625 est.
658 2565 896 2623 erusteus-use

54 2647 224 2708 flammeum,
247 2645 380 2704 Claudius
397 2648 510 2718 Labeo,
524 2647 674 2723 oppidano
692 2640 855 2702 certamine
866 2651 917 2688 se-

40 2715 138 2768 meles
152 2716 246 2786 Cim'li,
262 2736 301 2776 ne
313 2723 490 2786 interiectus
504 2729 660 2789 invidiam
670 2713 945 2802 musquetum
