<?xml version="1.0" encoding="UTF-8"?>
<!DOCTYPE html PUBLIC "-//W3C//DTD XHTML 1.0 Transitional//EN"
    "http://www.w3.org/TR/xhtml1/DTD/xhtml1-transitional.dtd">
<html xmlns="http://www.w3.org/1999/xhtml" xml:lang="en" lang="en">
 <head>
  <title>
</title>
<meta http-equiv="Content-Type" content="text/html;charset=utf-8" />
  <meta name='ocr-system' content='tesseract 3.04.00' />
  <meta name='ocr-capabilities' content='ocr_page ocr_carea ocr_par ocr_line ocrx_word'/>
</head>
<body>
  <div class='ocr_page' id='page_1' title='image "./ccorneliitaciti00weisgoog_0030.png"; bbox 0 0 1950 3016; ppageno 0'>
   <div class='ocr_carea' id='block_1_1' title="bbox 69 205 863 279">
    <p class='ocr_par' dir='ltr' id='par_1_1' title="bbox 69 205 863 279">
     <span class='ocr_line' id='line_1_1' title="bbox 69 205 863 279; baseline 0 -16"><span class='ocrx_word' id='word_1_1' title='bbox 69 224 90 262; x_wconf 81' lang='lat' dir='ltr'>a.</span> <span class='ocrx_word' id='word_1_2' title='bbox 105 225 129 264; x_wconf 81' lang='lat' dir='ltr'>c.</span> <span class='ocrx_word' id='word_1_3' title='bbox 143 205 192 279; x_wconf 81' lang='lat' dir='ltr'>ro.)</span> <span class='ocrx_word' id='word_1_4' title='bbox 282 215 360 262; x_wconf 79' lang='lat' dir='ltr'>aaa.</span> <span class='ocrx_word' id='word_1_5' title='bbox 380 216 399 263; x_wconf 88' lang='lat'>1.</span> <span class='ocrx_word' id='word_1_6' title='bbox 421 215 509 263; x_wconf 76' lang='lat' dir='ltr'>cnr.</span> <span class='ocrx_word' id='word_1_7' title='bbox 532 216 652 263; x_wconf 84' lang='lat' dir='ltr'>ar-aa.</span> <span class='ocrx_word' id='word_1_8' title='bbox 836 213 863 263; x_wconf 74' lang='lat' dir='ltr'>et</span> 
     </span>
    </p>
   </div>
   <div class='ocr_carea' id='block_1_2' title="bbox 67 314 891 2779">
    <p class='ocr_par' dir='ltr' id='par_1_2' title="bbox 68 314 870 1062">
     <span class='ocr_line' id='line_1_2' title="bbox 69 314 868 384; baseline 0.003 -14"><span class='ocrx_word' id='word_1_9' title='bbox 69 317 249 372; x_wconf 89' lang='lat' dir='ltr'>Tribunorum</span> <span class='ocrx_word' id='word_1_10' title='bbox 265 314 395 371; x_wconf 81' lang='lat' dir='ltr'>Subrium</span> <span class='ocrx_word' id='word_1_11' title='bbox 409 324 434 372; x_wconf 91' lang='lat' dir='ltr'>et</span> <span class='ocrx_word' id='word_1_12' title='bbox 443 315 561 372; x_wconf 86' lang='lat' dir='ltr'>Cetrium</span> <span class='ocrx_word' id='word_1_13' title='bbox 573 316 671 372; x_wconf 75' lang='lat' dir='ltr'><strong>milites</strong></span> <span class='ocrx_word' id='word_1_14' title='bbox 681 317 763 372; x_wconf 87' lang='lat' dir='ltr'>adorti</span> <span class='ocrx_word' id='word_1_15' title='bbox 776 320 868 384; x_wconf 85' lang='lat' dir='ltr'>minis,</span> 
     </span>
     <span class='ocr_line' id='line_1_3' title="bbox 69 391 868 464; baseline 0.001 -18"><span class='ocrx_word' id='word_1_16' title='bbox 69 392 222 464; x_wconf 81' lang='lat' dir='ltr'>Longinum</span> <span class='ocrx_word' id='word_1_17' title='bbox 238 391 364 446; x_wconf 91' lang='lat' dir='ltr'>manibus</span> <span class='ocrx_word' id='word_1_18' title='bbox 380 400 498 447; x_wconf 78' lang='lat' dir='ltr'>coercent</span> <span class='ocrx_word' id='word_1_19' title='bbox 512 400 715 463; x_wconf 88' lang='lat' dir='ltr'>exarmantque;</span> <span class='ocrx_word' id='word_1_20' title='bbox 736 395 800 463; x_wconf 91' lang='lat' dir='ltr'>quia</span> <span class='ocrx_word' id='word_1_21' title='bbox 816 411 868 447; x_wconf 92' lang='lat' dir='ltr'>non</span> 
     </span>
     <span class='ocr_line' id='line_1_4' title="bbox 68 465 866 538; baseline 0.003 -18"><span class='ocrx_word' id='word_1_22' title='bbox 68 467 160 521; x_wconf 83' lang='lat' dir='ltr'>ordine</span> <span class='ocrx_word' id='word_1_23' title='bbox 171 465 294 530; x_wconf 80' lang='lat' dir='ltr'>militiae,</span> <span class='ocrx_word' id='word_1_24' title='bbox 304 465 351 520; x_wconf 90' lang='lat' dir='ltr'>sed</span> <span class='ocrx_word' id='word_1_25' title='bbox 362 465 485 522; x_wconf 87' lang='lat' dir='ltr'>eGalbae</span> <span class='ocrx_word' id='word_1_26' title='bbox 495 466 597 530; x_wconf 80' lang='lat' dir='ltr'>amieis,</span> <span class='ocrx_word' id='word_1_27' title='bbox 605 465 674 519; x_wconf 81' lang='lat' dir='ltr'>fidas</span> <span class='ocrx_word' id='word_1_28' title='bbox 684 467 797 538; x_wconf 83' lang='lat' dir='ltr'>principi</span> <span class='ocrx_word' id='word_1_29' title='bbox 808 486 866 529; x_wconf 90' lang='lat' dir='ltr'>suo,</span> 
     </span>
     <span class='ocr_line' id='line_1_5' title="bbox 69 539 868 613; baseline 0.003 -19"><span class='ocrx_word' id='word_1_30' title='bbox 69 550 91 594; x_wconf 90' lang='lat' dir='ltr'>et</span> <span class='ocrx_word' id='word_1_31' title='bbox 99 541 314 596; x_wconf 76' lang='lat' dir='ltr'>desciscentibus</span> <span class='ocrx_word' id='word_1_32' title='bbox 325 544 470 612; x_wconf 89' lang='lat' dir='ltr'>suspectior</span> <span class='ocrx_word' id='word_1_33' title='bbox 480 550 544 596; x_wconf 89' lang='lat' dir='ltr'>erat.</span> <span class='ocrx_word' id='word_1_34' title='bbox 579 541 660 613; x_wconf 83' lang='lat' dir='ltr'>Legio</span> <span class='ocrx_word' id='word_1_35' title='bbox 669 539 788 605; x_wconf 85' lang='lat' dir='ltr'>classica,</span> <span class='ocrx_word' id='word_1_36' title='bbox 801 543 868 596; x_wconf 89' lang='lat' dir='ltr'>nibil</span> 
     </span>
     <span class='ocr_line' id='line_1_6' title="bbox 69 614 869 690; baseline 0 -20"><span class='ocrx_word' id='word_1_37' title='bbox 69 625 198 681; x_wconf 84' lang='lat' dir='ltr'>cunctata,</span> <span class='ocrx_word' id='word_1_38' title='bbox 220 617 394 687; x_wconf 88' lang='lat' dir='ltr'>praetorianis</span> <span class='ocrx_word' id='word_1_39' title='bbox 412 616 576 690; x_wconf 84' lang='lat' dir='ltr'>adiungitur.</span> <span class='ocrx_word' id='word_1_40' title='bbox 617 614 716 688; x_wconf 82' lang='lat' dir='ltr'>lllyrici</span> <span class='ocrx_word' id='word_1_41' title='bbox 738 618 869 671; x_wconf 81' lang='lat' dir='ltr'>exercitus</span> 
     </span>
     <span class='ocr_line' id='line_1_7' title="bbox 69 690 869 764; baseline 0.001 -20"><span class='ocrx_word' id='word_1_42' title='bbox 69 690 139 746; x_wconf 89' lang='lat' dir='ltr'>electi</span> <span class='ocrx_word' id='word_1_43' title='bbox 160 690 271 746; x_wconf 86' lang='lat' dir='ltr'>Celsum</span> <span class='ocrx_word' id='word_1_44' title='bbox 293 693 403 764; x_wconf 81' lang='lat' dir='ltr'>ingestis</span> <span class='ocrx_word' id='word_1_45' title='bbox 423 690 486 762; x_wconf 90' lang='lat' dir='ltr'>pilis</span> <span class='ocrx_word' id='word_1_46' title='bbox 506 690 671 762; x_wconf 82' lang='lat' dir='ltr'>proturbant.</span> <span class='ocrx_word' id='word_1_47' title='bbox 712 690 869 745; x_wconf 88' lang='lat' dir='ltr'>Germanica</span> 
     </span>
     <span class='ocr_line' id='line_1_8' title="bbox 70 764 870 835; baseline 0 -16"><span class='ocrx_word' id='word_1_48' title='bbox 70 764 165 820; x_wconf 86' lang='lat' dir='ltr'>vexilla</span> <span class='ocrx_word' id='word_1_49' title='bbox 185 765 234 820; x_wconf 90' lang='lat' dir='ltr'>diu</span> <span class='ocrx_word' id='word_1_50' title='bbox 254 773 393 832; x_wconf 88' lang='lat' dir='ltr'>nutaverc;</span> <span class='ocrx_word' id='word_1_51' title='bbox 419 765 545 820; x_wconf 84' lang='lat' dir='ltr'>invalidis</span> <span class='ocrx_word' id='word_1_52' title='bbox 564 765 652 819; x_wconf 91' lang='lat' dir='ltr'>adhuc</span> <span class='ocrx_word' id='word_1_53' title='bbox 671 765 826 835; x_wconf 92' lang='lat' dir='ltr'>corporibus</span> <span class='ocrx_word' id='word_1_54' title='bbox 845 774 870 819; x_wconf 92' lang='lat' dir='ltr'>et</span> 
     </span>
     <span class='ocr_line' id='line_1_9' title="bbox 69 838 870 911; baseline -0.002 -17"><span class='ocrx_word' id='word_1_55' title='bbox 69 839 178 911; x_wconf 88' lang='lat' dir='ltr'>placatis</span> <span class='ocrx_word' id='word_1_56' title='bbox 189 841 300 905; x_wconf 86' lang='lat' dir='ltr'>animis,</span> <span class='ocrx_word' id='word_1_57' title='bbox 312 840 383 911; x_wconf 89' lang='lat' dir='ltr'>quod</span> <span class='ocrx_word' id='word_1_58' title='bbox 392 857 447 904; x_wconf 85' lang='lat' dir='ltr'>ece,</span> <span class='ocrx_word' id='word_1_59' title='bbox 459 858 473 894; x_wconf 89' lang='lat' dir='ltr'>a</span> <span class='ocrx_word' id='word_1_60' title='bbox 484 841 587 894; x_wconf 87' lang='lat' dir='ltr'>Nerone</span> <span class='ocrx_word' id='word_1_61' title='bbox 597 838 784 894; x_wconf 78' lang='lat' dir='ltr'>Alexandriam</span> <span class='ocrx_word' id='word_1_62' title='bbox 793 857 870 911; x_wconf 85' lang='lat' dir='ltr'>prae-</span> 
     </span>
     <span class='ocr_line' id='line_1_10' title="bbox 69 913 867 988; baseline -0.001 -19"><span class='ocrx_word' id='word_1_63' title='bbox 69 916 176 980; x_wconf 70' lang='lat' dir='ltr'>missos</span> <span class='ocrx_word' id='word_1_64' title='bbox 199 923 279 986; x_wconf 90' lang='lat' dir='ltr'>atque</span> <span class='ocrx_word' id='word_1_65' title='bbox 298 913 360 969; x_wconf 89' lang='lat' dir='ltr'>inde</span> <span class='ocrx_word' id='word_1_66' title='bbox 381 933 476 969; x_wconf 90' lang='lat' dir='ltr'>rursus</span> <span class='ocrx_word' id='word_1_67' title='bbox 492 913 570 988; x_wconf 77' lang='lat' dir='ltr'>longa</span> <span class='ocrx_word' id='word_1_68' title='bbox 585 917 752 988; x_wconf 78' lang='lat' dir='ltr'>navigatione</span> <span class='ocrx_word' id='word_1_69' title='bbox 766 932 867 988; x_wconf 82' lang='lat' dir='ltr'>aegros,</span> 
     </span>
     <span class='ocr_line' id='line_1_11' title="bbox 68 989 539 1062; baseline 0 -18"><span class='ocrx_word' id='word_1_70' title='bbox 68 991 222 1062; x_wconf 90' lang='lat' dir='ltr'>inpensiore</span> <span class='ocrx_word' id='word_1_71' title='bbox 231 1007 295 1044; x_wconf 89' lang='lat' dir='ltr'>cura</span> <span class='ocrx_word' id='word_1_72' title='bbox 305 989 388 1044; x_wconf 90' lang='lat' dir='ltr'>Galba</span> <span class='ocrx_word' id='word_1_73' title='bbox 398 989 539 1044; x_wconf 80' lang='lat' dir='ltr'>refovebat.</span> 
     </span>
    </p>

    <p class='ocr_par' dir='ltr' id='par_1_3' title="bbox 67 1063 870 2106">
     <span class='ocr_line' id='line_1_12' title="bbox 122 1063 868 1136; baseline -0.001 -16"><span class='ocrx_word' id='word_1_74' title='bbox 122 1069 167 1120; x_wconf 71' lang='lat'>32.</span> <span class='ocrx_word' id='word_1_75' title='bbox 188 1065 318 1119; x_wconf 80' lang='lat' dir='ltr'>Universa</span> <span class='ocrx_word' id='word_1_76' title='bbox 332 1065 385 1118; x_wconf 91' lang='lat' dir='ltr'>iam</span> <span class='ocrx_word' id='word_1_77' title='bbox 401 1063 477 1135; x_wconf 89' lang='lat' dir='ltr'>plebs</span> <span class='ocrx_word' id='word_1_78' title='bbox 489 1063 617 1136; x_wconf 91' lang='lat' dir='ltr'>palatium</span> <span class='ocrx_word' id='word_1_79' title='bbox 632 1063 759 1135; x_wconf 88' lang='lat' dir='ltr'>inplebat,</span> <span class='ocrx_word' id='word_1_80' title='bbox 776 1066 868 1120; x_wconf 86' lang='lat' dir='ltr'>mixtis</span> 
     </span>
     <span class='ocr_line' id='line_1_13' title="bbox 68 1138 869 1205; baseline -0.002 -10"><span class='ocrx_word' id='word_1_81' title='bbox 68 1140 196 1205; x_wconf 82' lang='lat' dir='ltr'>servitiis,</span> <span class='ocrx_word' id='word_1_82' title='bbox 213 1147 237 1195; x_wconf 89' lang='lat' dir='ltr'>et</span> <span class='ocrx_word' id='word_1_83' title='bbox 251 1139 360 1194; x_wconf 88' lang='lat' dir='ltr'>dissono</span> <span class='ocrx_word' id='word_1_84' title='bbox 374 1138 497 1204; x_wconf 87' lang='lat' dir='ltr'>clamore,</span> <span class='ocrx_word' id='word_1_85' title='bbox 515 1144 615 1193; x_wconf 86' lang='lat' dir='ltr'>caedem</span> <span class='ocrx_word' id='word_1_86' title='bbox 628 1139 734 1194; x_wconf 79' lang='lat' dir='ltr'>Othonia</span> <span class='ocrx_word' id='word_1_87' title='bbox 743 1148 767 1193; x_wconf 87' lang='lat' dir='ltr'>et</span> <span class='ocrx_word' id='word_1_88' title='bbox 778 1145 869 1194; x_wconf 80' lang='lat' dir='ltr'>caniu-</span> 
     </span>
     <span class='ocr_line' id='line_1_14' title="bbox 67 1214 869 1284; baseline -0.001 -14"><span class='ocrx_word' id='word_1_89' title='bbox 67 1225 186 1270; x_wconf 87' lang='lat' dir='ltr'>ratorum</span> <span class='ocrx_word' id='word_1_90' title='bbox 201 1219 313 1268; x_wconf 77' lang='lat' dir='ltr'>aritium</span> <span class='ocrx_word' id='word_1_91' title='bbox 327 1215 503 1284; x_wconf 87' lang='lat' dir='ltr'>poscentium,</span> <span class='ocrx_word' id='word_1_92' title='bbox 524 1222 554 1269; x_wconf 89' lang='lat' dir='ltr'>ut</span> <span class='ocrx_word' id='word_1_93' title='bbox 567 1214 590 1267; x_wconf 85' lang='lat' dir='ltr'>si</span> <span class='ocrx_word' id='word_1_94' title='bbox 606 1215 633 1267; x_wconf 91' lang='lat' dir='ltr'>in</span> <span class='ocrx_word' id='word_1_95' title='bbox 649 1214 719 1268; x_wconf 88' lang='lat' dir='ltr'>circo</span> <span class='ocrx_word' id='word_1_96' title='bbox 729 1231 759 1268; x_wconf 90' lang='lat' dir='ltr'>ac</span> <span class='ocrx_word' id='word_1_97' title='bbox 769 1214 869 1269; x_wconf 88' lang='lat' dir='ltr'>theatro</span> 
     </span>
     <span class='ocr_line' id='line_1_15' title="bbox 68 1287 867 1360; baseline -0.003 -16"><span class='ocrx_word' id='word_1_98' title='bbox 68 1288 203 1344; x_wconf 88' lang='lat' dir='ltr'>ludicrum</span> <span class='ocrx_word' id='word_1_99' title='bbox 223 1288 332 1360; x_wconf 90' lang='lat' dir='ltr'>aliquod</span> <span class='ocrx_word' id='word_1_100' title='bbox 349 1287 526 1360; x_wconf 88' lang='lat' dir='ltr'>postularent:</span> <span class='ocrx_word' id='word_1_101' title='bbox 557 1305 644 1359; x_wconf 85' lang='lat' dir='ltr'>neque</span> <span class='ocrx_word' id='word_1_102' title='bbox 662 1287 717 1342; x_wconf 90' lang='lat' dir='ltr'>illis</span> <span class='ocrx_word' id='word_1_103' title='bbox 737 1288 867 1343; x_wconf 90' lang='lat' dir='ltr'>iudicium</span> 
     </span>
     <span class='ocr_line' id='line_1_16' title="bbox 67 1362 869 1435; baseline -0.001 -17"><span class='ocrx_word' id='word_1_104' title='bbox 67 1373 112 1420; x_wconf 87' lang='lat' dir='ltr'>aut</span> <span class='ocrx_word' id='word_1_105' title='bbox 123 1365 232 1428; x_wconf 82' lang='lat' dir='ltr'>veritas,</span> <span class='ocrx_word' id='word_1_106' title='bbox 253 1364 355 1435; x_wconf 91' lang='lat' dir='ltr'>quippe</span> <span class='ocrx_word' id='word_1_107' title='bbox 374 1362 465 1418; x_wconf 90' lang='lat' dir='ltr'>ecdem</span> <span class='ocrx_word' id='word_1_108' title='bbox 480 1362 523 1417; x_wconf 91' lang='lat' dir='ltr'>die</span> <span class='ocrx_word' id='word_1_109' title='bbox 535 1363 641 1416; x_wconf 88' lang='lat' dir='ltr'>diversa</span> <span class='ocrx_word' id='word_1_110' title='bbox 654 1363 712 1433; x_wconf 89' lang='lat' dir='ltr'>pari</span> <span class='ocrx_word' id='word_1_111' title='bbox 726 1364 869 1417; x_wconf 83' lang='lat' dir='ltr'>certamine</span> 
     </span>
     <span class='ocr_line' id='line_1_17' title="bbox 68 1437 869 1510; baseline -0.002 -17"><span class='ocrx_word' id='word_1_112' title='bbox 68 1438 258 1510; x_wconf 86' lang='lat' dir='ltr'>postulaturis:</span> <span class='ocrx_word' id='word_1_113' title='bbox 278 1439 326 1492; x_wconf 89' lang='lat' dir='ltr'>sed</span> <span class='ocrx_word' id='word_1_114' title='bbox 336 1439 429 1492; x_wconf 87' lang='lat' dir='ltr'>tradito</span> <span class='ocrx_word' id='word_1_115' title='bbox 440 1455 512 1491; x_wconf 81' lang='lat' dir='ltr'>nrore</span> <span class='ocrx_word' id='word_1_116' title='bbox 521 1453 711 1509; x_wconf 88' lang='lat' dir='ltr'>quemcunque</span> <span class='ocrx_word' id='word_1_117' title='bbox 721 1437 869 1506; x_wconf 88' lang='lat' dir='ltr'>principem</span> 
     </span>
     <span class='ocr_line' id='line_1_18' title="bbox 69 1509 867 1577; baseline -0.003 -9"><span class='ocrx_word' id='word_1_118' title='bbox 69 1513 206 1577; x_wconf 83' lang='lat' dir='ltr'>adulandi,</span> <span class='ocrx_word' id='word_1_119' title='bbox 228 1511 333 1568; x_wconf 90' lang='lat' dir='ltr'>licentia</span> <span class='ocrx_word' id='word_1_120' title='bbox 346 1512 567 1567; x_wconf 87' lang='lat' dir='ltr'>adclamationum</span> <span class='ocrx_word' id='word_1_121' title='bbox 583 1519 608 1565; x_wconf 89' lang='lat' dir='ltr'>et</span> <span class='ocrx_word' id='word_1_122' title='bbox 622 1509 719 1565; x_wconf 87' lang='lat' dir='ltr'>studiis</span> <span class='ocrx_word' id='word_1_123' title='bbox 731 1511 867 1566; x_wconf 74' lang='lat' dir='ltr'>inanibus</span> 
     </span>
     <span class='ocr_line' id='line_1_19' title="bbox 70 1584 870 1643; baseline -0.003 -1"><span class='ocrx_word' id='word_1_124' title='bbox 70 1589 178 1643; x_wconf 84' lang='lat' dir='ltr'>Interim</span> <span class='ocrx_word' id='word_1_125' title='bbox 189 1586 302 1643; x_wconf 86' lang='lat' dir='ltr'>Galbam</span> <span class='ocrx_word' id='word_1_126' title='bbox 313 1586 381 1642; x_wconf 90' lang='lat' dir='ltr'>duae</span> <span class='ocrx_word' id='word_1_127' title='bbox 390 1587 534 1642; x_wconf 88' lang='lat' dir='ltr'>sententiae</span> <span class='ocrx_word' id='word_1_128' title='bbox 544 1585 713 1639; x_wconf 89' lang='lat' dir='ltr'>distinebant.</span> <span class='ocrx_word' id='word_1_129' title='bbox 751 1584 781 1640; x_wconf 83' lang='lat' dir='ltr'>T.</span> <span class='ocrx_word' id='word_1_130' title='bbox 793 1587 870 1643; x_wconf 91' lang='lat' dir='ltr'>Vini-</span> 
     </span>
     <span class='ocr_line' id='line_1_20' title="bbox 68 1665 869 1731; baseline -0.004 -13"><span class='ocrx_word' id='word_1_131' title='bbox 68 1682 110 1730; x_wconf 87' lang='lat' dir='ltr'>us,</span> <span class='ocrx_word' id='word_1_132' title='bbox 130 1667 288 1718; x_wconf 85' lang='lat' dir='ltr'>maneudum</span> <span class='ocrx_word' id='word_1_133' title='bbox 302 1667 373 1717; x_wconf 82' lang='lat' dir='ltr'>intra</span> <span class='ocrx_word' id='word_1_134' title='bbox 387 1666 497 1725; x_wconf 80' lang='lat' dir='ltr'>dantum,</span> <span class='ocrx_word' id='word_1_135' title='bbox 519 1665 667 1729; x_wconf 84' lang='lat' dir='ltr'>opponenda</span> <span class='ocrx_word' id='word_1_136' title='bbox 681 1666 800 1726; x_wconf 78' lang='lat' dir='ltr'>seruitia,</span> <span class='ocrx_word' id='word_1_137' title='bbox 822 1667 869 1731; x_wconf 77' lang='lat' dir='ltr'>fir-</span> 
     </span>
     <span class='ocr_line' id='line_1_21' title="bbox 68 1735 869 1802; baseline -0.005 -8"><span class='ocrx_word' id='word_1_138' title='bbox 68 1743 176 1794; x_wconf 82' lang='lat' dir='ltr'>mandae</span> <span class='ocrx_word' id='word_1_139' title='bbox 190 1743 287 1802; x_wconf 79' lang='lat' dir='ltr'>aditus,</span> <span class='ocrx_word' id='word_1_140' title='bbox 308 1755 359 1792; x_wconf 88' lang='lat' dir='ltr'>nou</span> <span class='ocrx_word' id='word_1_141' title='bbox 373 1741 483 1791; x_wconf 82' lang='lat' dir='ltr'>eandum</span> <span class='ocrx_word' id='word_1_142' title='bbox 497 1741 531 1790; x_wconf 86' lang='lat' dir='ltr'>ad</span> <span class='ocrx_word' id='word_1_143' title='bbox 544 1741 626 1790; x_wconf 78' lang='lat' dir='ltr'>iratos</span> <span class='ocrx_word' id='word_1_144' title='bbox 638 1735 773 1791; x_wconf 87' lang='lat' dir='ltr'>censebat:</span> <span class='ocrx_word' id='word_1_145' title='bbox 794 1741 869 1791; x_wconf 87' lang='lat' dir='ltr'>daret</span> 
     </span>
     <span class='ocr_line' id='line_1_22' title="bbox 68 1815 869 1881; baseline -0.006 -11"><span class='ocrx_word' id='word_1_146' title='bbox 68 1817 198 1870; x_wconf 79' lang='lat' dir='ltr'>motorum</span> <span class='ocrx_word' id='word_1_147' title='bbox 214 1816 395 1881; x_wconf 81' lang='lat' dir='ltr'>poeniteutiae,</span> <span class='ocrx_word' id='word_1_148' title='bbox 416 1817 490 1866; x_wconf 85' lang='lat' dir='ltr'>daret</span> <span class='ocrx_word' id='word_1_149' title='bbox 505 1815 628 1865; x_wconf 83' lang='lat' dir='ltr'>bonerum</span> <span class='ocrx_word' id='word_1_150' title='bbox 642 1817 776 1866; x_wconf 78' lang='lat' dir='ltr'>consensui</span> <span class='ocrx_word' id='word_1_151' title='bbox 785 1819 869 1880; x_wconf 77' lang='lat' dir='ltr'>opatt-</span> 
     </span>
     <span class='ocr_line' id='line_1_23' title="bbox 70 1888 867 1954; baseline -0.006 -11"><span class='ocrx_word' id='word_1_152' title='bbox 70 1907 119 1943; x_wconf 85' lang='lat' dir='ltr'>am.</span> <span class='ocrx_word' id='word_1_153' title='bbox 159 1888 265 1944; x_wconf 82' lang='lat' dir='ltr'>Scelere</span> <span class='ocrx_word' id='word_1_154' title='bbox 290 1892 390 1954; x_wconf 87' lang='lat' dir='ltr'>inpetu,</span> <span class='ocrx_word' id='word_1_155' title='bbox 418 1890 484 1941; x_wconf 83' lang='lat' dir='ltr'>bona</span> <span class='ocrx_word' id='word_1_156' title='bbox 510 1889 618 1940; x_wconf 81' lang='lat' dir='ltr'>consilia</span> <span class='ocrx_word' id='word_1_157' title='bbox 640 1903 714 1940; x_wconf 87' lang='lat' dir='ltr'>mora</span> <span class='ocrx_word' id='word_1_158' title='bbox 731 1889 867 1940; x_wconf 84' lang='lat' dir='ltr'>colescere.</span> 
     </span>
     <span class='ocr_line' id='line_1_24' title="bbox 68 1964 869 2033; baseline -0.006 -15"><span class='ocrx_word' id='word_1_159' title='bbox 68 1965 185 2033; x_wconf 76' lang='lat' dir='ltr'>Denique</span> <span class='ocrx_word' id='word_1_160' title='bbox 199 1966 277 2016; x_wconf 83' lang='lat' dir='ltr'>eundi</span> <span class='ocrx_word' id='word_1_161' title='bbox 289 1965 368 2026; x_wconf 87' lang='lat' dir='ltr'>ultro,</span> <span class='ocrx_word' id='word_1_162' title='bbox 388 1967 412 2015; x_wconf 80' lang='lat' dir='ltr'>si</span> <span class='ocrx_word' id='word_1_163' title='bbox 426 1965 495 2015; x_wconf 82' lang='lat' dir='ltr'>ratio</span> <span class='ocrx_word' id='word_1_164' title='bbox 506 1965 549 2024; x_wconf 81' lang='lat' dir='ltr'>stt,</span> <span class='ocrx_word' id='word_1_165' title='bbox 571 1964 676 2014; x_wconf 83' lang='lat' dir='ltr'>eandem</span> <span class='ocrx_word' id='word_1_166' title='bbox 685 1978 746 2015; x_wconf 79' lang='lat' dir='ltr'>mon</span> <span class='ocrx_word' id='word_1_167' title='bbox 754 1964 869 2031; x_wconf 78' lang='lat' dir='ltr'>{cculta-</span> 
     </span>
     <span class='ocr_line' id='line_1_25' title="bbox 70 2036 749 2106; baseline -0.007 -13"><span class='ocrx_word' id='word_1_168' title='bbox 70 2047 132 2093; x_wconf 86' lang='lat' dir='ltr'>tem:</span> <span class='ocrx_word' id='word_1_169' title='bbox 151 2036 293 2106; x_wconf 81' lang='lat' dir='ltr'>repressus,</span> <span class='ocrx_word' id='word_1_170' title='bbox 305 2041 329 2090; x_wconf 82' lang='lat' dir='ltr'>ai</span> <span class='ocrx_word' id='word_1_171' title='bbox 336 2041 472 2105; x_wconf 80' lang='lat' dir='ltr'>paeniteat,</span> <span class='ocrx_word' id='word_1_172' title='bbox 485 2040 514 2089; x_wconf 79' lang='lat' dir='ltr'>in</span> <span class='ocrx_word' id='word_1_173' title='bbox 523 2038 609 2089; x_wconf 82' lang='lat' dir='ltr'>aliena</span> <span class='ocrx_word' id='word_1_174' title='bbox 617 2044 749 2103; x_wconf 81' lang='lat' dir='ltr'>potestate.</span> 
     </span>
    </p>

    <p class='ocr_par' dir='ltr' id='par_1_4' title="bbox 67 2109 891 2779">
     <span class='ocr_line' id='line_1_26' title="bbox 123 2109 869 2178; baseline -0.008 -10"><span class='ocrx_word' id='word_1_175' title='bbox 123 2115 167 2168; x_wconf 77' lang='lat'>33.</span> <span class='ocrx_word' id='word_1_176' title='bbox 187 2113 374 2177; x_wconf 76' lang='lat' dir='ltr'>Festinandum</span> <span class='ocrx_word' id='word_1_177' title='bbox 388 2111 480 2165; x_wconf 87' lang='lat' dir='ltr'>ceteris</span> <span class='ocrx_word' id='word_1_178' title='bbox 494 2109 643 2174; x_wconf 83' lang='lat' dir='ltr'>videbatur,</span> <span class='ocrx_word' id='word_1_179' title='bbox 659 2119 797 2178; x_wconf 74' lang='lat' dir='ltr'>cartapetam</span> <span class='ocrx_word' id='word_1_180' title='bbox 813 2127 869 2163; x_wconf 86' lang='lat' dir='ltr'>cre-</span> 
     </span>
     <span class='ocr_line' id='line_1_27' title="bbox 68 2186 869 2252; baseline -0.01 -9"><span class='ocrx_word' id='word_1_181' title='bbox 68 2196 149 2243; x_wconf 80' lang='lat' dir='ltr'>sceret</span> <span class='ocrx_word' id='word_1_182' title='bbox 163 2189 283 2241; x_wconf 81' lang='lat' dir='ltr'>inaalida</span> <span class='ocrx_word' id='word_1_183' title='bbox 295 2189 379 2239; x_wconf 80' lang='lat' dir='ltr'>adbuc</span> <span class='ocrx_word' id='word_1_184' title='bbox 393 2190 540 2240; x_wconf 83' lang='lat' dir='ltr'>coniuratio</span> <span class='ocrx_word' id='word_1_185' title='bbox 552 2203 703 2252; x_wconf 85' lang='lat' dir='ltr'>paucorum.</span> <span class='ocrx_word' id='word_1_186' title='bbox 744 2186 869 2251; x_wconf 83' lang='lat' dir='ltr'>Trepida-</span> 
     </span>
     <span class='ocr_line' id='line_1_28' title="bbox 70 2260 870 2329; baseline -0.009 -12"><span class='ocrx_word' id='word_1_187' title='bbox 70 2273 156 2320; x_wconf 85' lang='lat' dir='ltr'>turum</span> <span class='ocrx_word' id='word_1_188' title='bbox 170 2266 248 2316; x_wconf 84' lang='lat' dir='ltr'>etiam</span> <span class='ocrx_word' id='word_1_189' title='bbox 265 2260 394 2323; x_wconf 74' lang='lat' dir='ltr'>Othonem,</span> <span class='ocrx_word' id='word_1_190' title='bbox 409 2265 454 2328; x_wconf 82' lang='lat' dir='ltr'>qui</span> <span class='ocrx_word' id='word_1_191' title='bbox 467 2265 557 2329; x_wconf 65' lang='lat' dir='ltr'>fartim</span> <span class='ocrx_word' id='word_1_192' title='bbox 570 2265 708 2328; x_wconf 77' lang='lat' dir='ltr'>dipressua,</span> <span class='ocrx_word' id='word_1_193' title='bbox 719 2262 754 2311; x_wconf 84' lang='lat' dir='ltr'>ad</span> <span class='ocrx_word' id='word_1_194' title='bbox 763 2263 870 2327; x_wconf 73' lang='lat' dir='ltr'>tpnaras</span> 
     </span>
     <span class='ocr_line' id='line_1_29' title="bbox 69 2338 870 2402; baseline -0.006 -11"><span class='ocrx_word' id='word_1_195' title='bbox 69 2341 175 2401; x_wconf 78' lang='lat' dir='ltr'>inlatus,</span> <span class='ocrx_word' id='word_1_196' title='bbox 192 2339 355 2390; x_wconf 78' lang='lat' dir='ltr'>cunctatione</span> <span class='ocrx_word' id='word_1_197' title='bbox 368 2352 437 2389; x_wconf 89' lang='lat' dir='ltr'>nunc</span> <span class='ocrx_word' id='word_1_198' title='bbox 450 2344 474 2389; x_wconf 84' lang='lat' dir='ltr'>et</span> <span class='ocrx_word' id='word_1_199' title='bbox 490 2339 600 2402; x_wconf 81' lang='lat' dir='ltr'>sepnttt&#39;a</span> <span class='ocrx_word' id='word_1_200' title='bbox 619 2338 753 2388; x_wconf 78' lang='lat' dir='ltr'>terentium</span> <span class='ocrx_word' id='word_1_201' title='bbox 773 2341 870 2399; x_wconf 78' lang='lat' dir='ltr'>tempus</span> 
     </span>
     <span class='ocr_line' id='line_1_30' title="bbox 69 2409 869 2480; baseline -0.008 -14"><span class='ocrx_word' id='word_1_202' title='bbox 69 2416 170 2466; x_wconf 79' lang='lat' dir='ltr'>imitari</span> <span class='ocrx_word' id='word_1_203' title='bbox 180 2416 327 2480; x_wconf 79' lang='lat' dir='ltr'>principem</span> <span class='ocrx_word' id='word_1_204' title='bbox 341 2414 433 2464; x_wconf 81' lang='lat' dir='ltr'>discet.</span> <span class='ocrx_word' id='word_1_205' title='bbox 472 2409 531 2464; x_wconf 91' lang='lat' dir='ltr'>Non</span> <span class='ocrx_word' id='word_1_206' title='bbox 541 2411 749 2477; x_wconf 78' lang='lat' dir='ltr'>easpectandum,</span> <span class='ocrx_word' id='word_1_207' title='bbox 763 2416 792 2461; x_wconf 90' lang='lat' dir='ltr'>ut</span> <span class='ocrx_word' id='word_1_208' title='bbox 801 2425 869 2461; x_wconf 87' lang='lat' dir='ltr'>cont-</span> 
     </span>
     <span class='ocr_line' id='line_1_31' title="bbox 67 2481 867 2556; baseline -0.009 -16"><span class='ocrx_word' id='word_1_209' title='bbox 67 2491 160 2556; x_wconf 78' lang='lat' dir='ltr'>post&#39;ta&#39;s</span> <span class='ocrx_word' id='word_1_210' title='bbox 179 2490 284 2548; x_wconf 77' lang='lat' dir='ltr'>castris,</span> <span class='ocrx_word' id='word_1_211' title='bbox 304 2490 389 2554; x_wconf 74' lang='lat' dir='ltr'>{mum</span> <span class='ocrx_word' id='word_1_212' title='bbox 407 2488 515 2538; x_wconf 83' lang='lat' dir='ltr'>invadat</span> <span class='ocrx_word' id='word_1_213' title='bbox 532 2492 565 2547; x_wconf 83' lang='lat' dir='ltr'>et,</span> <span class='ocrx_word' id='word_1_214' title='bbox 580 2488 761 2551; x_wconf 79' lang='lat' dir='ltr'>prospectante</span> <span class='ocrx_word' id='word_1_215' title='bbox 775 2481 867 2544; x_wconf 82' lang='lat' dir='ltr'>Galba,</span> 
     </span>
     <span class='ocr_line' id='line_1_32' title="bbox 71 2560 869 2628; baseline -0.008 -14"><span class='ocrx_word' id='word_1_216' title='bbox 71 2560 229 2628; x_wconf 80' lang='lat' dir='ltr'>Capitolium</span> <span class='ocrx_word' id='word_1_217' title='bbox 242 2564 327 2622; x_wconf 81' lang='lat' dir='ltr'>adeat,</span> <span class='ocrx_word' id='word_1_218' title='bbox 343 2564 404 2612; x_wconf 81' lang='lat' dir='ltr'>datm</span> <span class='ocrx_word' id='word_1_219' title='bbox 416 2563 533 2627; x_wconf 81' lang='lat' dir='ltr'>eprept&#39;ua</span> <span class='ocrx_word' id='word_1_220' title='bbox 542 2563 683 2624; x_wconf 79' lang='lat' dir='ltr'>imperator</span> <span class='ocrx_word' id='word_1_221' title='bbox 693 2572 751 2609; x_wconf 86' lang='lat' dir='ltr'>cum</span> <span class='ocrx_word' id='word_1_222' title='bbox 759 2560 869 2625; x_wconf 75' lang='lat' dir='ltr'>sortibus</span> 
     </span>
     <span class='ocr_line' id='line_1_33' title="bbox 68 2632 871 2694; baseline -0.009 -5"><span class='ocrx_word' id='word_1_223' title='bbox 68 2639 161 2690; x_wconf 77' lang='lat' dir='ltr'>amicis</span> <span class='ocrx_word' id='word_1_224' title='bbox 175 2639 259 2688; x_wconf 83' lang='lat' dir='ltr'>ianua</span> <span class='ocrx_word' id='word_1_225' title='bbox 271 2650 304 2687; x_wconf 89' lang='lat' dir='ltr'>ae</span> <span class='ocrx_word' id='word_1_226' title='bbox 318 2635 405 2688; x_wconf 82' lang='lat' dir='ltr'>limine</span> <span class='ocrx_word' id='word_1_227' title='bbox 418 2642 491 2687; x_wconf 80' lang='lat' dir='ltr'>tenue</span> <span class='ocrx_word' id='word_1_228' title='bbox 501 2637 602 2686; x_wconf 82' lang='lat' dir='ltr'>domum</span> <span class='ocrx_word' id='word_1_229' title='bbox 613 2632 702 2694; x_wconf 82' lang='lat' dir='ltr'>cludit,</span> <span class='ocrx_word' id='word_1_230' title='bbox 714 2633 871 2685; x_wconf 74' lang='lat' dir='ltr'>obsidionem</span> 
     </span>
     <span class='ocr_line' id='line_1_34' title="bbox 68 2706 891 2779; baseline -0.012 -15"><span class='ocrx_word' id='word_1_231' title='bbox 68 2712 193 2765; x_wconf 72' lang='lat' dir='ltr'>ataricum</span> <span class='ocrx_word' id='word_1_232' title='bbox 207 2710 371 2763; x_wconf 81' lang='lat' dir='ltr'>toleraturus.</span> <span class='ocrx_word' id='word_1_233' title='bbox 410 2708 444 2764; x_wconf 86' lang='lat' dir='ltr'>Et</span> <span class='ocrx_word' id='word_1_234' title='bbox 455 2709 631 2779; x_wconf 87' lang='lat' dir='ltr'>praeclarum</span> <span class='ocrx_word' id='word_1_235' title='bbox 643 2711 676 2764; x_wconf 80' lang='lat' dir='ltr'>tn</span> <span class='ocrx_word' id='word_1_236' title='bbox 684 2711 771 2764; x_wconf 78' lang='lat' dir='ltr'>seroie</span> <span class='ocrx_word' id='word_1_237' title='bbox 781 2706 891 2760; x_wconf 70' lang='lat' dir='ltr'>auettt·</span> 
     </span>
    </p>
   </div>
   <div class='ocr_carea' id='block_1_3' title="bbox 0 0 980 3016">
    <p class='ocr_par' dir='ltr' id='par_1_5' title="bbox 0 0 980 3016">
     <span class='ocr_line' id='line_1_35' title="bbox 0 0 980 3016; baseline 0 0"><span class='ocrx_word' id='word_1_238' title='bbox 0 0 980 3016; x_wconf 95' lang='lat' dir='ltr'> </span> 
     </span>
    </p>
   </div>
  </div>
 </body>
</html>
