<?xml version="1.0" encoding="UTF-8"?>
<!DOCTYPE html PUBLIC "-//W3C//DTD XHTML 1.0 Transitional//EN"
    "http://www.w3.org/TR/xhtml1/DTD/xhtml1-transitional.dtd">
<html xmlns="http://www.w3.org/1999/xhtml" xml:lang="en" lang="en">
 <head>
  <title>
</title>
<meta http-equiv="Content-Type" content="text/html;charset=utf-8" />
  <meta name='ocr-system' content='tesseract 3.04.00' />
  <meta name='ocr-capabilities' content='ocr_page ocr_carea ocr_par ocr_line ocrx_word'/>
</head>
<body>
  <div class='ocr_page' id='page_1' title='image "./ccorneliitaciti00weisgoog_0203.png"; bbox 0 0 1950 3016; ppageno 0'>
   <div class='ocr_carea' id='block_1_1' title="bbox 126 200 924 276">
    <p class='ocr_par' dir='ltr' id='par_1_1' title="bbox 126 200 924 276">
     <span class='ocr_line' id='line_1_1' title="bbox 126 200 924 276; baseline 0.003 -19"><span class='ocrx_word' id='word_1_1' title='bbox 126 206 175 257; x_wconf 78' lang='lat' dir='ltr'>tas</span> <span class='ocrx_word' id='word_1_2' title='bbox 362 209 686 259; x_wconf 73' lang='lat' dir='ltr'>mesomedes</span> <span class='ocrx_word' id='word_1_3' title='bbox 784 200 924 276; x_wconf 72' lang='lat' dir='ltr'>(nnat.</span> 
     </span>
    </p>
   </div>
   <div class='ocr_carea' id='block_1_2' title="bbox 90 308 949 2781">
    <p class='ocr_par' dir='ltr' id='par_1_2' title="bbox 123 308 926 827">
     <span class='ocr_line' id='line_1_2' title="bbox 124 308 926 370; baseline 0.001 -4"><span class='ocrx_word' id='word_1_4' title='bbox 124 308 297 366; x_wconf 63' lang='lat' dir='ltr'>incurabilior</span> <span class='ocrx_word' id='word_1_5' title='bbox 310 319 335 365; x_wconf 85' lang='lat' dir='ltr'>el</span> <span class='ocrx_word' id='word_1_6' title='bbox 347 316 451 366; x_wconf 75' lang='lat' dir='ltr'>mester</span> <span class='ocrx_word' id='word_1_7' title='bbox 463 321 572 367; x_wconf 65' lang='lat' dir='ltr'>morula</span> <span class='ocrx_word' id='word_1_8' title='bbox 585 320 630 367; x_wconf 80' lang='lat' dir='ltr'>est.</span> <span class='ocrx_word' id='word_1_9' title='bbox 669 311 729 367; x_wconf 73' lang='lat' dir='ltr'>Nos</span> <span class='ocrx_word' id='word_1_10' title='bbox 741 316 863 370; x_wconf 72' lang='lat' dir='ltr'>rimus</span> <span class='ocrx_word' id='word_1_11' title='bbox 879 313 926 367; x_wconf 82' lang='lat' dir='ltr'>Vs-</span> 
     </span>
     <span class='ocr_line' id='line_1_3' title="bbox 123 385 926 454; baseline 0.004 -16"><span class='ocrx_word' id='word_1_12' title='bbox 123 390 289 454; x_wconf 82' lang='lat' dir='ltr'>spesiueum:</span> <span class='ocrx_word' id='word_1_13' title='bbox 308 390 476 454; x_wconf 72' lang='lat' dir='ltr'>espretelpis</span> <span class='ocrx_word' id='word_1_14' title='bbox 485 395 567 449; x_wconf 80' lang='lat' dir='ltr'>aetna,</span> <span class='ocrx_word' id='word_1_15' title='bbox 578 389 770 441; x_wconf 75' lang='lat' dir='ltr'>mmoderets&#39;e.</span> <span class='ocrx_word' id='word_1_16' title='bbox 803 385 926 441; x_wconf 75' lang='lat' dir='ltr'>Serldls·</span> 
     </span>
     <span class='ocr_line' id='line_1_4' title="bbox 125 461 926 529; baseline 0.001 -15"><span class='ocrx_word' id='word_1_17' title='bbox 125 465 177 514; x_wconf 76' lang='lat' dir='ltr'>lieo</span> <span class='ocrx_word' id='word_1_18' title='bbox 185 464 645 529; x_wconf 77' lang='lat' dir='ltr'>durenteaeemple,qrrnmeuclores.</span> <span class='ocrx_word' id='word_1_19' title='bbox 683 461 926 529; x_wconf 51' lang='lat' dir='ltr'>Elunpes&#39;teusm</span> 
     </span>
     <span class='ocr_line' id='line_1_5' title="bbox 125 538 925 605; baseline 0.006 -17"><span class='ocrx_word' id='word_1_20' title='bbox 125 543 178 590; x_wconf 81' lang='lat' dir='ltr'>tres</span> <span class='ocrx_word' id='word_1_21' title='bbox 191 540 340 605; x_wconf 79' lang='lat' dir='ltr'>conseripli,</span> <span class='ocrx_word' id='word_1_22' title='bbox 361 553 407 589; x_wconf 83' lang='lat' dir='ltr'>aee</span> <span class='ocrx_word' id='word_1_23' title='bbox 421 539 474 588; x_wconf 87' lang='lat' dir='ltr'>iam</span> <span class='ocrx_word' id='word_1_24' title='bbox 488 538 646 589; x_wconf 78' lang='lat' dir='ltr'>illesenetua</span> <span class='ocrx_word' id='word_1_25' title='bbox 657 552 754 597; x_wconf 77' lang='lat' dir='ltr'>miuus,</span> <span class='ocrx_word' id='word_1_26' title='bbox 774 540 831 603; x_wconf 75' lang='lat' dir='ltr'>qui,</span> <span class='ocrx_word' id='word_1_27' title='bbox 841 540 925 593; x_wconf 76' lang='lat' dir='ltr'>eseiae</span> 
     </span>
     <span class='ocr_line' id='line_1_6' title="bbox 126 611 926 677; baseline 0.001 -13"><span class='ocrx_word' id='word_1_28' title='bbox 126 611 235 669; x_wconf 79' lang='lat' dir='ltr'><strong><em>Nerone,</em></strong></span> <span class='ocrx_word' id='word_1_29' title='bbox 249 614 377 664; x_wconf 81' lang='lat' dir='ltr'>delatores</span> <span class='ocrx_word' id='word_1_30' title='bbox 389 619 413 663; x_wconf 86' lang='lat' dir='ltr'>et</span> <span class='ocrx_word' id='word_1_31' title='bbox 422 613 555 663; x_wconf 82' lang='lat' dir='ltr'>mirriatroe</span> <span class='ocrx_word' id='word_1_32' title='bbox 567 626 636 663; x_wconf 76' lang='lat' dir='ltr'>aiore</span> <span class='ocrx_word' id='word_1_33' title='bbox 645 614 774 663; x_wconf 85' lang='lat' dir='ltr'>meierum</span> <span class='ocrx_word' id='word_1_34' title='bbox 781 615 926 677; x_wconf 65' lang='lat' dir='ltr'>peremne</span> 
     </span>
     <span class='ocr_line' id='line_1_7' title="bbox 125 685 925 752; baseline 0.004 -15"><span class='ocrx_word' id='word_1_35' title='bbox 125 688 268 752; x_wconf 73' lang='lat' dir='ltr'>flepitnbel.</span> <span class='ocrx_word' id='word_1_36' title='bbox 310 685 429 751; x_wconf 83' lang='lat' dir='ltr'>Optimus</span> <span class='ocrx_word' id='word_1_37' title='bbox 451 693 489 737; x_wconf 85' lang='lat' dir='ltr'>eal</span> <span class='ocrx_word' id='word_1_38' title='bbox 507 692 568 752; x_wconf 84' lang='lat' dir='ltr'>post</span> <span class='ocrx_word' id='word_1_39' title='bbox 585 687 683 737; x_wconf 86' lang='lat' dir='ltr'>mulum</span> <span class='ocrx_word' id='word_1_40' title='bbox 701 688 851 752; x_wconf 70' lang='lat' dir='ltr'>principem</span> <span class='ocrx_word' id='word_1_41' title='bbox 871 689 925 741; x_wconf 79' lang='lat' dir='ltr'>dies</span> 
     </span>
     <span class='ocr_line' id='line_1_8' title="bbox 124 776 233 827; baseline -0.009 -14"><span class='ocrx_word' id='word_1_42' title='bbox 124 776 233 827; x_wconf 67' lang='lat' dir='ltr'>memus.</span> 
     </span>
    </p>

    <p class='ocr_par' dir='ltr' id='par_1_3' title="bbox 123 830 925 1870">
     <span class='ocr_line' id='line_1_9' title="bbox 181 830 925 889; baseline 0.001 -1"><span class='ocrx_word' id='word_1_43' title='bbox 181 837 223 888; x_wconf 69' lang='grc'>63.</span> <span class='ocrx_word' id='word_1_44' title='bbox 244 833 327 889; x_wconf 83' lang='lat' dir='ltr'>Tanto</span> <span class='ocrx_word' id='word_1_45' title='bbox 340 850 401 887; x_wconf 87' lang='lat' dir='ltr'>eum</span> <span class='ocrx_word' id='word_1_46' title='bbox 413 832 527 887; x_wconf 84' lang='lat' dir='ltr'>adsensu</span> <span class='ocrx_word' id='word_1_47' title='bbox 537 839 645 885; x_wconf 84' lang='lat' dir='ltr'>senatus</span> <span class='ocrx_word' id='word_1_48' title='bbox 655 830 764 887; x_wconf 85' lang='lat' dir='ltr'>auditus</span> <span class='ocrx_word' id='word_1_49' title='bbox 772 840 815 887; x_wconf 87' lang='lat' dir='ltr'>est</span> <span class='ocrx_word' id='word_1_50' title='bbox 823 834 925 889; x_wconf 77' lang='lat' dir='ltr'>Monte·</span> 
     </span>
     <span class='ocr_line' id='line_1_10' title="bbox 125 906 924 977; baseline 0.001 -15"><span class='ocrx_word' id='word_1_51' title='bbox 125 926 188 971; x_wconf 81' lang='lat' dir='ltr'>aus,</span> <span class='ocrx_word' id='word_1_52' title='bbox 200 916 229 961; x_wconf 90' lang='lat' dir='ltr'>ut</span> <span class='ocrx_word' id='word_1_53' title='bbox 239 925 315 977; x_wconf 88' lang='lat' dir='ltr'>spem</span> <span class='ocrx_word' id='word_1_54' title='bbox 325 917 429 977; x_wconf 84' lang='lat' dir='ltr'>caperet</span> <span class='ocrx_word' id='word_1_55' title='bbox 439 906 587 969; x_wconf 83' lang='lat' dir='ltr'>llelvidius,</span> <span class='ocrx_word' id='word_1_56' title='bbox 596 923 674 976; x_wconf 84' lang='lat' dir='ltr'>posse</span> <span class='ocrx_word' id='word_1_57' title='bbox 682 908 924 965; x_wconf 83' lang='lat' dir='ltr'>etiamlllaroellum</span> 
     </span>
     <span class='ocr_line' id='line_1_11' title="bbox 125 980 925 1054; baseline 0.003 -19"><span class='ocrx_word' id='word_1_58' title='bbox 125 983 265 1052; x_wconf 85' lang='lat' dir='ltr'>prosterni.</span> <span class='ocrx_word' id='word_1_59' title='bbox 304 982 388 1052; x_wconf 81' lang='lat' dir='ltr'><strong>Igitur</strong></span> <span class='ocrx_word' id='word_1_60' title='bbox 401 1000 416 1035; x_wconf 91' lang='lat' dir='ltr'>a</span> <span class='ocrx_word' id='word_1_61' title='bbox 433 981 510 1035; x_wconf 86' lang='lat' dir='ltr'>laude</span> <span class='ocrx_word' id='word_1_62' title='bbox 522 980 611 1035; x_wconf 85' lang='lat' dir='ltr'>Cluvii</span> <span class='ocrx_word' id='word_1_63' title='bbox 623 980 683 1034; x_wconf 85' lang='lat' dir='ltr'>Ruli</span> <span class='ocrx_word' id='word_1_64' title='bbox 692 998 781 1046; x_wconf 79' lang='lat' dir='ltr'>orsus,</span> <span class='ocrx_word' id='word_1_65' title='bbox 793 984 853 1054; x_wconf 79' lang='lat' dir='ltr'>qui.</span> <span class='ocrx_word' id='word_1_66' title='bbox 864 1000 925 1054; x_wconf 88' lang='lat' dir='ltr'>per·</span> 
     </span>
     <span class='ocr_line' id='line_1_12' title="bbox 125 1054 924 1127; baseline 0.003 -18"><span class='ocrx_word' id='word_1_67' title='bbox 125 1056 187 1109; x_wconf 90' lang='lat' dir='ltr'>inde</span> <span class='ocrx_word' id='word_1_68' title='bbox 196 1055 272 1109; x_wconf 86' lang='lat' dir='ltr'>dives</span> <span class='ocrx_word' id='word_1_69' title='bbox 281 1064 307 1109; x_wconf 85' lang='lat' dir='ltr'>et</span> <span class='ocrx_word' id='word_1_70' title='bbox 315 1055 465 1125; x_wconf 77' lang='lat' dir='ltr'>eloquentia</span> <span class='ocrx_word' id='word_1_71' title='bbox 476 1055 573 1119; x_wconf 85' lang='lat' dir='ltr'>clarus,</span> <span class='ocrx_word' id='word_1_72' title='bbox 589 1054 657 1111; x_wconf 88' lang='lat' dir='ltr'>nulli</span> <span class='ocrx_word' id='word_1_73' title='bbox 668 1072 799 1127; x_wconf 85' lang='lat' dir='ltr'>umquem</span> <span class='ocrx_word' id='word_1_74' title='bbox 808 1058 863 1112; x_wconf 87' lang='lat' dir='ltr'>sub</span> <span class='ocrx_word' id='word_1_75' title='bbox 872 1059 924 1111; x_wconf 84' lang='lat' dir='ltr'>Ne-</span> 
     </span>
     <span class='ocr_line' id='line_1_13' title="bbox 125 1129 924 1203; baseline 0.006 -20"><span class='ocrx_word' id='word_1_76' title='bbox 125 1147 188 1183; x_wconf 90' lang='lat' dir='ltr'>rone</span> <span class='ocrx_word' id='word_1_77' title='bbox 197 1129 347 1199; x_wconf 88' lang='lat' dir='ltr'>periculum</span> <span class='ocrx_word' id='word_1_78' title='bbox 357 1129 515 1194; x_wconf 81' lang='lat' dir='ltr'>lacessisset,</span> <span class='ocrx_word' id='word_1_79' title='bbox 525 1131 638 1185; x_wconf 89' lang='lat' dir='ltr'>crimine</span> <span class='ocrx_word' id='word_1_80' title='bbox 651 1130 733 1185; x_wconf 87' lang='lat' dir='ltr'>simul</span> <span class='ocrx_word' id='word_1_81' title='bbox 747 1131 924 1203; x_wconf 81' lang='lat' dir='ltr'>enemploque</span> 
     </span>
     <span class='ocr_line' id='line_1_14' title="bbox 124 1204 923 1276; baseline 0.005 -17"><span class='ocrx_word' id='word_1_82' title='bbox 124 1205 238 1275; x_wconf 84' lang='lat' dir='ltr'>Eprium</span> <span class='ocrx_word' id='word_1_83' title='bbox 259 1204 377 1276; x_wconf 80' lang='lat' dir='ltr'>urgebat,</span> <span class='ocrx_word' id='word_1_84' title='bbox 400 1205 554 1263; x_wconf 73' lang='lat' dir='ltr'><strong>ardentibus</strong></span> <span class='ocrx_word' id='word_1_85' title='bbox 572 1213 679 1275; x_wconf 88' lang='lat' dir='ltr'>petrum</span> <span class='ocrx_word' id='word_1_86' title='bbox 697 1205 807 1261; x_wconf 83' lang='lat' dir='ltr'>animis.</span> <span class='ocrx_word' id='word_1_87' title='bbox 848 1206 923 1272; x_wconf 84' lang='lat' dir='ltr'>Quod</span> 
     </span>
     <span class='ocr_line' id='line_1_15' title="bbox 127 1279 923 1344; baseline 0.004 -10"><span class='ocrx_word' id='word_1_88' title='bbox 127 1280 173 1334; x_wconf 91' lang='lat' dir='ltr'>ubi</span> <span class='ocrx_word' id='word_1_89' title='bbox 186 1281 269 1335; x_wconf 77' lang='lat' dir='ltr'>sensit</span> <span class='ocrx_word' id='word_1_90' title='bbox 284 1279 434 1344; x_wconf 80' lang='lat' dir='ltr'>Marcellus,</span> <span class='ocrx_word' id='word_1_91' title='bbox 452 1280 524 1335; x_wconf 87' lang='lat' dir='ltr'>velut</span> <span class='ocrx_word' id='word_1_92' title='bbox 537 1279 667 1333; x_wconf 72' lang='lat' dir='ltr'>exsulem</span> <span class='ocrx_word' id='word_1_93' title='bbox 680 1282 768 1335; x_wconf 86' lang='lat' dir='ltr'>curia:</span> <span class='ocrx_word' id='word_1_94' title='bbox 790 1283 871 1343; x_wconf 84' lang='lat' dir='ltr'>lmus,</span> <span class='ocrx_word' id='word_1_95' title='bbox 883 1283 923 1337; x_wconf 91' lang='lat' dir='ltr'>in-</span> 
     </span>
     <span class='ocr_line' id='line_1_16' title="bbox 124 1357 922 1427; baseline 0.003 -18"><span class='ocrx_word' id='word_1_96' title='bbox 124 1357 193 1427; x_wconf 87' lang='lat' dir='ltr'>quit,</span> <span class='ocrx_word' id='word_1_97' title='bbox 210 1357 304 1418; x_wconf 79' lang='lat' dir='ltr'>Prisce,</span> <span class='ocrx_word' id='word_1_98' title='bbox 325 1365 349 1409; x_wconf 87' lang='lat' dir='ltr'>et</span> <span class='ocrx_word' id='word_1_99' title='bbox 363 1359 532 1424; x_wconf 72' lang='lat' dir='ltr'>relinquimus</span> <span class='ocrx_word' id='word_1_100' title='bbox 545 1358 591 1409; x_wconf 77' lang='lat' dir='ltr'>tili</span> <span class='ocrx_word' id='word_1_101' title='bbox 599 1364 716 1409; x_wconf 72' lang='lat' dir='ltr'>senellam</span> <span class='ocrx_word' id='word_1_102' title='bbox 727 1364 814 1409; x_wconf 76' lang='lat' dir='ltr'>turem:</span> <span class='ocrx_word' id='word_1_103' title='bbox 833 1374 922 1424; x_wconf 72' lang='lat' dir='ltr'>reone,</span> 
     </span>
     <span class='ocr_line' id='line_1_17' title="bbox 123 1427 923 1501; baseline 0.003 -17"><span class='ocrx_word' id='word_1_104' title='bbox 123 1440 257 1498; x_wconf 79' lang='lat' dir='ltr'>praesente</span> <span class='ocrx_word' id='word_1_105' title='bbox 268 1430 387 1484; x_wconf 83' lang='lat' dir='ltr'>Caesare.</span> <span class='ocrx_word' id='word_1_106' title='bbox 416 1429 581 1501; x_wconf 81' lang='lat' dir='ltr'><strong>Sequebatur</strong></span> <span class='ocrx_word' id='word_1_107' title='bbox 592 1429 688 1483; x_wconf 88' lang='lat' dir='ltr'>Vibius</span> <span class='ocrx_word' id='word_1_108' title='bbox 697 1427 824 1499; x_wconf 83' lang='lat' dir='ltr'>Crispus:</span> <span class='ocrx_word' id='word_1_109' title='bbox 845 1431 923 1487; x_wconf 79' lang='lat' dir='ltr'>analo</span> 
     </span>
     <span class='ocr_line' id='line_1_18' title="bbox 125 1503 921 1571; baseline 0.004 -13"><span class='ocrx_word' id='word_1_110' title='bbox 125 1505 223 1560; x_wconf 88' lang='lat' dir='ltr'>inlensi</span> <span class='ocrx_word' id='word_1_111' title='bbox 245 1505 319 1559; x_wconf 83' lang='lat' dir='ltr'>uultu</span> <span class='ocrx_word' id='word_1_112' title='bbox 342 1504 460 1571; x_wconf 73' lang='lat' dir='ltr'>divors03</span> <span class='ocrx_word' id='word_1_113' title='bbox 492 1503 632 1558; x_wconf 75' lang='lat' dir='ltr'>Marcellus</span> <span class='ocrx_word' id='word_1_114' title='bbox 655 1504 808 1559; x_wconf 76' lang='lat' dir='ltr'>minacibus</span> <span class='ocrx_word' id='word_1_115' title='bbox 826 1505 921 1569; x_wconf 82' lang='lat' dir='ltr'>oculis,</span> 
     </span>
     <span class='ocr_line' id='line_1_19' title="bbox 125 1578 923 1650; baseline 0 -16"><span class='ocrx_word' id='word_1_116' title='bbox 125 1579 237 1650; x_wconf 90' lang='lat' dir='ltr'>Crispus</span> <span class='ocrx_word' id='word_1_117' title='bbox 253 1579 389 1634; x_wconf 84' lang='lat' dir='ltr'><strong>renidens:</strong></span> <span class='ocrx_word' id='word_1_118' title='bbox 415 1580 498 1634; x_wconf 74' lang='lat' dir='ltr'>eloneo</span> <span class='ocrx_word' id='word_1_119' title='bbox 511 1578 626 1633; x_wconf 77' lang='lat' dir='ltr'>adcursu</span> <span class='ocrx_word' id='word_1_120' title='bbox 643 1579 790 1637; x_wconf 82' lang='lat' dir='ltr'>amicorum</span> <span class='ocrx_word' id='word_1_121' title='bbox 808 1580 923 1639; x_wconf 81' lang='lat' dir='ltr'>retrahe-</span> 
     </span>
     <span class='ocr_line' id='line_1_20' title="bbox 125 1651 921 1729; baseline 0.003 -21"><span class='ocrx_word' id='word_1_122' title='bbox 125 1664 225 1708; x_wconf 88' lang='lat' dir='ltr'>rentur.</span> <span class='ocrx_word' id='word_1_123' title='bbox 265 1653 333 1708; x_wconf 91' lang='lat' dir='ltr'>Cum</span> <span class='ocrx_word' id='word_1_124' title='bbox 343 1653 465 1725; x_wconf 80' lang='lat' dir='ltr'>glisceret</span> <span class='ocrx_word' id='word_1_125' title='bbox 475 1662 616 1717; x_wconf 74' lang='lat' dir='ltr'>cortanna,</span> <span class='ocrx_word' id='word_1_126' title='bbox 633 1651 921 1729; x_wconf 76' lang='lat' dir='ltr'>liinemulliloonique‚</span> 
     </span>
     <span class='ocr_line' id='line_1_21' title="bbox 126 1727 923 1797; baseline 0.006 -17"><span class='ocrx_word' id='word_1_127' title='bbox 126 1728 188 1781; x_wconf 83' lang='lat' dir='ltr'>inde</span> <span class='ocrx_word' id='word_1_128' title='bbox 198 1729 276 1797; x_wconf 86' lang='lat' dir='ltr'>pauci</span> <span class='ocrx_word' id='word_1_129' title='bbox 290 1737 315 1783; x_wconf 84' lang='lat' dir='ltr'>et</span> <span class='ocrx_word' id='word_1_130' title='bbox 325 1728 416 1790; x_wconf 85' lang='lat' dir='ltr'>validi,</span> <span class='ocrx_word' id='word_1_131' title='bbox 432 1727 611 1797; x_wconf 68' lang='lat' dir='ltr'>pertinacibus</span> <span class='ocrx_word' id='word_1_132' title='bbox 624 1727 694 1783; x_wconf 88' lang='lat' dir='ltr'>odiis</span> <span class='ocrx_word' id='word_1_133' title='bbox 704 1728 851 1795; x_wconf 82' lang='lat' dir='ltr'>tenderent,</span> <span class='ocrx_word' id='word_1_134' title='bbox 861 1746 923 1785; x_wconf 80' lang='lat' dir='ltr'>mn-</span> 
     </span>
     <span class='ocr_line' id='line_1_22' title="bbox 124 1802 553 1870; baseline -0.005 -13"><span class='ocrx_word' id='word_1_135' title='bbox 124 1810 249 1870; x_wconf 82' lang='lat' dir='ltr'>sumplas</span> <span class='ocrx_word' id='word_1_136' title='bbox 260 1819 306 1869; x_wconf 82' lang='lat' dir='ltr'>per</span> <span class='ocrx_word' id='word_1_137' title='bbox 314 1802 473 1856; x_wconf 85' lang='lat' dir='ltr'>discordiam</span> <span class='ocrx_word' id='word_1_138' title='bbox 487 1803 553 1855; x_wconf 88' lang='lat' dir='ltr'>dics.</span> 
     </span>
    </p>

    <p class='ocr_par' dir='ltr' id='par_1_4' title="bbox 110 1875 930 2693">
     <span class='ocr_line' id='line_1_23' title="bbox 181 1875 923 1938; baseline 0.007 -10"><span class='ocrx_word' id='word_1_139' title='bbox 181 1877 222 1929; x_wconf 79' lang='lat' dir='ltr'>lt.</span> <span class='ocrx_word' id='word_1_140' title='bbox 245 1876 365 1930; x_wconf 81' lang='lat' dir='ltr'>Proximo</span> <span class='ocrx_word' id='word_1_141' title='bbox 375 1884 478 1938; x_wconf 85' lang='lat' dir='ltr'>senatu.</span> <span class='ocrx_word' id='word_1_142' title='bbox 491 1876 629 1931; x_wconf 79' lang='lat' dir='ltr'>inchoante</span> <span class='ocrx_word' id='word_1_143' title='bbox 637 1875 923 1933; x_wconf 82' lang='lat' dir='ltr'>Caesaredenbeleudo</span> 
     </span>
     <span class='ocr_line' id='line_1_24' title="bbox 124 1953 924 2017; baseline 0.005 -14"><span class='ocrx_word' id='word_1_144' title='bbox 124 1953 212 2003; x_wconf 84' lang='lat' dir='ltr'>dolore</span> <span class='ocrx_word' id='word_1_145' title='bbox 226 1953 318 2017; x_wconf 81' lang='lat' dir='ltr'>ireque</span> <span class='ocrx_word' id='word_1_146' title='bbox 330 1960 353 2003; x_wconf 86' lang='lat' dir='ltr'>et</span> <span class='ocrx_word' id='word_1_147' title='bbox 367 1955 484 2017; x_wconf 66' lang='lat' dir='ltr'>priorum</span> <span class='ocrx_word' id='word_1_148' title='bbox 495 1960 636 2017; x_wconf 83' lang='lat' dir='ltr'>ternporam</span> <span class='ocrx_word' id='word_1_149' title='bbox 648 1956 851 2015; x_wconf 75' lang='lat' dir='ltr'>necessitutibus,</span> <span class='ocrx_word' id='word_1_150' title='bbox 862 1970 924 2007; x_wconf 88' lang='lat' dir='ltr'>oen-</span> 
     </span>
     <span class='ocr_line' id='line_1_25' title="bbox 125 2024 921 2097; baseline 0.005 -18"><span class='ocrx_word' id='word_1_151' title='bbox 125 2026 179 2079; x_wconf 87' lang='lat' dir='ltr'>suit</span> <span class='ocrx_word' id='word_1_152' title='bbox 190 2025 330 2079; x_wconf 85' lang='lat' dir='ltr'>lllucianus</span> <span class='ocrx_word' id='word_1_153' title='bbox 349 2024 451 2094; x_wconf 84' lang='lat' dir='ltr'>prolixe</span> <span class='ocrx_word' id='word_1_154' title='bbox 468 2042 517 2097; x_wconf 91' lang='lat' dir='ltr'>pro</span> <span class='ocrx_word' id='word_1_155' title='bbox 533 2025 748 2082; x_wconf 86' lang='lat' dir='ltr'>adcusatoribus:</span> <span class='ocrx_word' id='word_1_156' title='bbox 770 2027 921 2093; x_wconf 83' lang='lat' dir='ltr'>simulans,</span> 
     </span>
     <span class='ocr_line' id='line_1_26' title="bbox 125 2099 924 2172; baseline 0.005 -19"><span class='ocrx_word' id='word_1_157' title='bbox 125 2102 172 2171; x_wconf 88' lang='lat' dir='ltr'>qui</span> <span class='ocrx_word' id='word_1_158' title='bbox 183 2099 413 2169; x_wconf 67' lang='lat' dir='ltr'>respondenda</span> <span class='ocrx_word' id='word_1_159' title='bbox 422 2100 550 2155; x_wconf 82' lang='lat' dir='ltr'>omissam</span> <span class='ocrx_word' id='word_1_160' title='bbox 560 2102 689 2155; x_wconf 86' lang='lat' dir='ltr'>actionem</span> <span class='ocrx_word' id='word_1_161' title='bbox 701 2110 857 2172; x_wconf 82' lang='lat' dir='ltr'>repeterent,</span> <span class='ocrx_word' id='word_1_162' title='bbox 868 2120 924 2157; x_wconf 86' lang='lat' dir='ltr'>mo·</span> 
     </span>
     <span class='ocr_line' id='line_1_27' title="bbox 125 2173 924 2247; baseline 0.005 -19"><span class='ocrx_word' id='word_1_163' title='bbox 125 2177 185 2229; x_wconf 83' lang='lat' dir='ltr'>nuit</span> <span class='ocrx_word' id='word_1_164' title='bbox 198 2191 319 2229; x_wconf 79' lang='lat' dir='ltr'>sennenn</span> <span class='ocrx_word' id='word_1_165' title='bbox 333 2173 406 2228; x_wconf 82' lang='lat' dir='ltr'>niolli</span> <span class='ocrx_word' id='word_1_166' title='bbox 421 2184 446 2229; x_wconf 92' lang='lat' dir='ltr'>et</span> <span class='ocrx_word' id='word_1_167' title='bbox 461 2183 596 2245; x_wconf 72' lang='lat' dir='ltr'>mmqiram</span> <span class='ocrx_word' id='word_1_168' title='bbox 612 2183 721 2247; x_wconf 77' lang='lat' dir='ltr'>rogaret.</span> <span class='ocrx_word' id='word_1_169' title='bbox 762 2177 852 2231; x_wconf 86' lang='lat' dir='ltr'>Patres</span> <span class='ocrx_word' id='word_1_170' title='bbox 865 2194 924 2231; x_wconf 89' lang='lat' dir='ltr'>eoe-</span> 
     </span>
     <span class='ocr_line' id='line_1_28' title="bbox 125 2249 921 2320; baseline 0.004 -18"><span class='ocrx_word' id='word_1_171' title='bbox 125 2258 222 2319; x_wconf 82' lang='lat' dir='ltr'>platani</span> <span class='ocrx_word' id='word_1_172' title='bbox 241 2249 396 2312; x_wconf 79' lang='lat' dir='ltr'>libertatern,</span> <span class='ocrx_word' id='word_1_173' title='bbox 419 2259 558 2320; x_wconf 64' lang='lat' dir='ltr'>{nsulsum</span> <span class='ocrx_word' id='word_1_174' title='bbox 575 2250 682 2305; x_wconf 89' lang='lat' dir='ltr'>obviam</span> <span class='ocrx_word' id='word_1_175' title='bbox 697 2251 776 2315; x_wconf 78' lang='lat' dir='ltr'>itum,</span> <span class='ocrx_word' id='word_1_176' title='bbox 798 2253 921 2309; x_wconf 83' lang='lat' dir='ltr'>omisere.</span> 
     </span>
     <span class='ocr_line' id='line_1_29' title="bbox 124 2324 923 2393; baseline 0.008 -16"><span class='ocrx_word' id='word_1_177' title='bbox 124 2324 149 2377; x_wconf 86' lang='lat' dir='ltr'>ll</span> <span class='ocrx_word' id='word_1_178' title='bbox 154 2325 275 2386; x_wconf 81' lang='lat' dir='ltr'>anianus.</span> <span class='ocrx_word' id='word_1_179' title='bbox 292 2341 325 2377; x_wconf 88' lang='lat' dir='ltr'>ae</span> <span class='ocrx_word' id='word_1_180' title='bbox 338 2325 429 2393; x_wconf 81' lang='lat' dir='ltr'>sperni</span> <span class='ocrx_word' id='word_1_181' title='bbox 443 2333 552 2379; x_wconf 85' lang='lat' dir='ltr'>senatus</span> <span class='ocrx_word' id='word_1_182' title='bbox 566 2324 707 2387; x_wconf 85' lang='lat' dir='ltr'>iudicium,</span> <span class='ocrx_word' id='word_1_183' title='bbox 720 2332 745 2379; x_wconf 87' lang='lat' dir='ltr'>el</span> <span class='ocrx_word' id='word_1_184' title='bbox 754 2328 860 2381; x_wconf 86' lang='lat' dir='ltr'>cunctis</span> <span class='ocrx_word' id='word_1_185' title='bbox 872 2326 923 2383; x_wconf 82' lang='lat' dir='ltr'>sub</span> 
     </span>
     <span class='ocr_line' id='line_1_30' title="bbox 124 2398 923 2467; baseline 0.009 -17"><span class='ocrx_word' id='word_1_186' title='bbox 124 2399 227 2451; x_wconf 86' lang='lat' dir='ltr'>Nerone</span> <span class='ocrx_word' id='word_1_187' title='bbox 246 2398 371 2452; x_wconf 83' lang='lat' dir='ltr'>admissis</span> <span class='ocrx_word' id='word_1_188' title='bbox 389 2399 448 2452; x_wconf 87' lang='lat' dir='ltr'>duta</span> <span class='ocrx_word' id='word_1_189' title='bbox 463 2399 600 2467; x_wconf 84' lang='lat' dir='ltr'>inpunitas</span> <span class='ocrx_word' id='word_1_190' title='bbox 617 2399 759 2463; x_wconf 84' lang='lat' dir='ltr'>videretur,</span> <span class='ocrx_word' id='word_1_191' title='bbox 781 2399 923 2457; x_wconf 79' lang='lat' dir='ltr'>Octavitun</span> 
     </span>
     <span class='ocr_line' id='line_1_31' title="bbox 124 2471 920 2543; baseline 0.008 -18"><span class='ocrx_word' id='word_1_192' title='bbox 124 2472 250 2543; x_wconf 79' lang='lat' dir='ltr'>Sagittam</span> <span class='ocrx_word' id='word_1_193' title='bbox 270 2480 295 2526; x_wconf 85' lang='lat' dir='ltr'>et</span> <span class='ocrx_word' id='word_1_194' title='bbox 313 2472 458 2527; x_wconf 81' lang='lat' dir='ltr'>Antistium</span> <span class='ocrx_word' id='word_1_195' title='bbox 479 2471 634 2537; x_wconf 77' lang='lat' dir='ltr'>Sosianum,</span> <span class='ocrx_word' id='word_1_196' title='bbox 660 2476 784 2531; x_wconf 85' lang='lat' dir='ltr'>senatorii</span> <span class='ocrx_word' id='word_1_197' title='bbox 807 2476 920 2542; x_wconf 67' lang='lat' dir='ltr'>ordinis,</span> 
     </span>
     <span class='ocr_line' id='line_1_32' title="bbox 121 2545 924 2622; baseline 0.011 -23"><span class='ocrx_word' id='word_1_198' title='bbox 121 2563 244 2619; x_wconf 73' lang='lat' dir='ltr'>egressos</span> <span class='ocrx_word' id='word_1_199' title='bbox 258 2545 400 2613; x_wconf 78' lang='lat' dir='ltr'>exsilium,</span> <span class='ocrx_word' id='word_1_200' title='bbox 422 2548 449 2602; x_wconf 88' lang='lat' dir='ltr'>in</span> <span class='ocrx_word' id='word_1_201' title='bbox 464 2546 570 2603; x_wconf 86' lang='lat' dir='ltr'>casdem</span> <span class='ocrx_word' id='word_1_202' title='bbox 585 2547 687 2603; x_wconf 87' lang='lat' dir='ltr'>insulas</span> <span class='ocrx_word' id='word_1_203' title='bbox 702 2549 812 2622; x_wconf 80' lang='lat' dir='ltr'>redegit.</span> <span class='ocrx_word' id='word_1_204' title='bbox 847 2550 924 2607; x_wconf 83' lang='lat' dir='ltr'>Octa-</span> 
     </span>
     <span class='ocr_line' id='line_1_33' title="bbox 110 2622 930 2693; baseline 0.002 -20"><span class='ocrx_word' id='word_1_205' title='bbox 110 2622 175 2677; x_wconf 79' lang='lat' dir='ltr'>rr&#39;us</span> <span class='ocrx_word' id='word_1_206' title='bbox 186 2624 312 2681; x_wconf 84' lang='lat' dir='ltr'>Pontiam</span> <span class='ocrx_word' id='word_1_207' title='bbox 328 2625 512 2689; x_wconf 72' lang='lat' dir='ltr'>Postumiam.</span> <span class='ocrx_word' id='word_1_208' title='bbox 530 2631 626 2693; x_wconf 79' lang='lat' dir='ltr'>stupro</span> <span class='ocrx_word' id='word_1_209' title='bbox 639 2623 776 2692; x_wconf 58' lang='lat' dir='ltr'>counimus</span> <span class='ocrx_word' id='word_1_210' title='bbox 785 2628 930 2689; x_wconf 60' lang='lat' dir='ltr'>staupum</span> 
     </span>
    </p>

    <p class='ocr_par' dir='ltr' id='par_1_5' title="bbox 90 2690 949 2781">
     <span class='ocr_line' id='line_1_34' title="bbox 90 2690 949 2781; baseline -0.006 -33"><span class='ocrx_word' id='word_1_211' title='bbox 90 2711 167 2754; x_wconf 82' lang='lat' dir='ltr'>snas</span> <span class='ocrx_word' id='word_1_212' title='bbox 175 2700 366 2777; x_wconf 65' lang='lat' dir='ltr'>manentem,</span> <span class='ocrx_word' id='word_1_213' title='bbox 391 2707 527 2781; x_wconf 81' lang='lat' dir='ltr'>inpotens</span> <span class='ocrx_word' id='word_1_214' title='bbox 538 2693 844 2757; x_wconf 60' lang='lat' dir='ltr'>messanensem„</span> <span class='ocrx_word' id='word_1_215' title='bbox 858 2690 949 2743; x_wconf 59' lang='lat' dir='ltr'>eneae</span> 
     </span>
    </p>
   </div>
   <div class='ocr_carea' id='block_1_3' title="bbox 0 0 980 3016">
    <p class='ocr_par' dir='ltr' id='par_1_6' title="bbox 0 0 980 3016">
     <span class='ocr_line' id='line_1_35' title="bbox 0 0 980 3016; baseline 0 0"><span class='ocrx_word' id='word_1_216' title='bbox 0 0 980 3016; x_wconf 95' lang='lat' dir='ltr'> </span> 
     </span>
    </p>
   </div>
  </div>
 </body>
</html>
