1950 3016
205 224 255 269 DE
274 222 487 275 Ganuenta.
508 228 588 276 CAP.
609 228 730 277 at-at,
816 224 868 280 25⁹

66 344 128 393 nus,
140 334 187 382 ant
195 328 299 398 pecoris
308 335 355 382 aut
363 330 455 394 vestis,
473 329 754 405 utcolonolniungit:
774 341 868 388 etaer-

10 440 12 451 .
64 420 117 458 vus
137 402 266 456 haetenus
280 411 363 474 paret.
404 404 494 459 Cetera
509 405 606 459 domus
620 405 822 463 oldoiauxorae
832 408 867 462 li·

63 478 123 534 beri
142 486 334 549 exsequuntur.
374 479 518 534 verberare
536 498 643 534 servum
664 498 694 535 ao
709 482 826 537 sinordis
840 492 865 537 et

63 568 144 625 opere
153 570 281 618 onerosae,
297 570 397 608 rarum.
438 553 564 608 Occidere
573 554 667 619 solent,
682 573 735 611 non
745 557 866 629 discipli-

64 646 99 683 na
113 637 139 683 et
152 629 300 693 severitate,
323 630 369 683 sed
384 632 476 700 inpetu
492 631 579 695 etim,
600 632 790 697 utinimicum,
812 634 864 687 nisi

62 703 136 776 quod
147 704 257 774 inpune.
291 704 391 758 Liberti
402 721 455 758 non
465 705 581 759 multum
593 723 674 776 supra
685 724 776 761 servos
786 715 863 777 sunt3

62 796 124 834 raro
133 777 243 850 aliquod
255 786 420 834 momentum
430 780 459 833 in
470 779 558 846 domo,
574 798 723 853 numquam
732 783 761 836 in
771 784 865 837 civita·

62 862 98 919 te,
119 854 237 925 exeeptis
256 852 394 907 dumtaxat
411 854 446 907 iis
464 855 598 926 gentibus,
621 873 690 927 quae
708 865 862 931 regnantur.

61 929 103 983 lbi
123 929 196 982 enim
218 935 243 981 et
263 944 344 998 super
363 929 494 1001 ingenuos
512 937 538 985 et
557 946 638 1001 super
655 931 757 985 nobiles
771 950 865 987 aseen-

62 1002 146 1058 dunt:
176 1002 248 1074 apud
268 1011 367 1058 eeteros
386 1004 492 1074 inpares
508 1004 623 1060 libertini
639 1005 767 1062 libertatis
782 1024 864 1082 argu-

61 1084 267 1133 mentumsnnt.

118 1156 161 1210 26.
176 1153 265 1206 Fenus
276 1154 375 1225 agitare
384 1160 410 1206 et
419 1154 448 1207 in
458 1171 555 1208 usuras
564 1155 713 1221 extendere,
725 1158 846 1231 ignotum
857 1187 861 1215 ς

61 1227 178 1300 ideoque
187 1228 273 1300 magis
283 1235 413 1292 servatur,
425 1230 541 1299 quamsi
552 1231 662 1283 vetitum
674 1239 752 1285 esset.
785 1234 860 1306 Agri,

60 1320 112 1376 pno
126 1320 237 1358 numero
250 1302 394 1368 cultorum,
416 1303 449 1356 ab
463 1304 598 1357 universis
609 1305 638 1356 in
649 1305 721 1358 vices
730 1322 864 1377 occupan-

61 1387 117 1444 tur,
134 1395 202 1450 quos
217 1394 280 1432 mox
294 1378 362 1431 inter
372 1394 411 1442 se,
423 1378 572 1432 secundum
582 1376 769 1449 dignationem,
781 1382 863 1450 parti—

61 1461 156 1508 untur.
195 1452 358 1507 Facilitatem
372 1452 503 1523 partiendi
518 1468 673 1522 camporum
689 1453 774 1522 spatia
787 1471 864 1524 prae-

60 1536 142 1584 stant.
172 1525 242 1583 Arva
252 1544 300 1598 per
310 1544 394 1581 annos
404 1533 520 1580 mutant:
541 1534 567 1580 et
577 1534 699 1596 superest
707 1543 778 1599 ager.
808 1529 864 1582 Nec

61 1604 136 1658 enim
151 1620 213 1658 oum
227 1603 346 1656 ubertate
360 1608 385 1656 et
401 1600 578 1673 amplitudine
590 1599 639 1655 soli
655 1599 742 1656 labore
755 1610 863 1657 conten-

61 1678 141 1742 dunt,
157 1686 188 1732 ut
200 1678 319 1748 pomaria
333 1683 471 1732 oonserant
483 1684 508 1730 et
519 1683 593 1747 prata
607 1685 728 1746 separent
738 1685 763 1731 et
772 1677 862 1734 hortos

60 1754 165 1827 rigent:
196 1752 251 1807 sola
273 1760 357 1807 terrae
376 1768 452 1824 seges
471 1751 626 1822 imperatur.
668 1752 742 1807 Unde
760 1771 860 1808 annum

60 1844 172 1900 quoque
181 1827 273 1899 ipsum
284 1844 335 1880 non
346 1827 374 1880 in
384 1826 492 1881 totidem
503 1827 628 1899 digerunt
637 1829 753 1898 speeies:
773 1829 860 1884 hiems

61 1910 89 1957 et
101 1918 150 1957 ver
163 1909 189 1956 et
202 1910 287 1957 aestas
296 1900 460 1955 intellectum
471 1919 501 1955 ac
510 1899 637 1957 voeabula
649 1902 760 1958 habent:
782 1913 861 1960 autn-

34 2046 41 2053 μ
61 1978 120 2031 mni
130 1976 241 2048 perinde
250 1992 346 2032 nomen
356 1992 387 2030 ao
396 1976 464 2031 bona
474 1977 639 2048 ignorantur.

117 2053 160 2107 27.
181 2052 318 2105 Funerum
328 2050 402 2105 nulla
411 2051 530 2106 ambitio.
555 2051 586 2106 ld
595 2052 682 2106 solum
693 2051 858 2117 observatur,

60 2132 93 2181 ut
104 2142 212 2197 corpora
229 2125 360 2181 clarorum
374 2127 493 2180 virorum
509 2127 586 2180 certis
601 2125 683 2198 lignis
698 2133 858 2182 crementur.

60 2200 482 2274 Struemrogineevestibusnee
491 2198 772 2269 odoribuseumulant.
805 2199 860 2253 Sua

60 2278 161 2348 cuique
171 2293 254 2341 arma,
271 2276 439 2348 quorundam
450 2275 506 2348 igni
517 2284 542 2329 at
551 2292 638 2346 equus
649 2273 780 2329 adiicitur.
813 2273 861 2328 Se-

59 2348 187 2424 pulcrum
209 2367 301 2423 cespes
325 2351 411 2423 erigit.
451 2351 682 2405 Monumentorum
701 2346 816 2402 arduum
834 2356 861 2402 et

59 2442 204 2499 operosum
216 2425 353 2490 honorem,
365 2432 395 2478 ut
403 2442 512 2498 gravem
521 2423 662 2488 defunctis,
674 2431 858 2495 aspomantur.

59 2501 188 2556 Lamenta
204 2517 235 2554 ao
248 2498 371 2555 lacrimas
387 2500 448 2565 cito,
470 2499 586 2552 dolorem
601 2505 627 2551 et
640 2498 775 2552 tristitiam
788 2497 860 2551 tarde

58 2582 174 2650 ponunt.
214 2575 333 2629 Feminis
346 2574 440 2648 lugere
454 2573 598 2629 honestum
611 2578 670 2643 esta
685 2573 759 2628 airis
768 2572 874 2626 marda-

49 2652 135 2702 ntase,
173 2648 247 2702 Haeo
263 2651 294 2704 in
312 2666 462 2709 commune
481 2650 520 2709 de
534 2651 670 2710 omnium
680 2649 901 2709 (termonem

38 2719 187 2788 meaa
196 2724 325 2782 moribus
334 2730 523 2804 awepimust
544 2725 923 2808 annastagularumuss·
