<?xml version="1.0" encoding="UTF-8"?>
<!DOCTYPE html PUBLIC "-//W3C//DTD XHTML 1.0 Transitional//EN"
    "http://www.w3.org/TR/xhtml1/DTD/xhtml1-transitional.dtd">
<html xmlns="http://www.w3.org/1999/xhtml" xml:lang="en" lang="en">
 <head>
  <title>
</title>
<meta http-equiv="Content-Type" content="text/html;charset=utf-8" />
  <meta name='ocr-system' content='tesseract 3.04.00' />
  <meta name='ocr-capabilities' content='ocr_page ocr_carea ocr_par ocr_line ocrx_word'/>
</head>
<body>
  <div class='ocr_page' id='page_1' title='image "./ccorneliitaciti00weisgoog_0227.png"; bbox 0 0 1950 3016; ppageno 0'>
   <div class='ocr_carea' id='block_1_1' title="bbox 79 178 877 254">
    <p class='ocr_par' dir='ltr' id='par_1_1' title="bbox 79 178 877 254">
     <span class='ocr_line' id='line_1_1' title="bbox 79 178 877 254; baseline -0.008 -12"><span class='ocrx_word' id='word_1_1' title='bbox 79 188 129 242; x_wconf 74' lang='lat'>222</span> <span class='ocrx_word' id='word_1_2' title='bbox 318 187 644 236; x_wconf 75' lang='lat' dir='ltr'>ursroarnnura</span> <span class='ocrx_word' id='word_1_3' title='bbox 738 178 877 254; x_wconf 66' lang='lat' dir='ltr'>(cusu.</span> 
     </span>
    </p>
   </div>
   <div class='ocr_carea' id='block_1_2' title="bbox 78 287 879 740">
    <p class='ocr_par' dir='ltr' id='par_1_2' title="bbox 78 287 879 740">
     <span class='ocr_line' id='line_1_2' title="bbox 79 287 879 366; baseline -0.003 -18"><span class='ocrx_word' id='word_1_4' title='bbox 79 310 142 366; x_wconf 87' lang='lat' dir='ltr'>que.</span> <span class='ocrx_word' id='word_1_5' title='bbox 178 293 242 346; x_wconf 84' lang='lat' dir='ltr'>Pars</span> <span class='ocrx_word' id='word_1_6' title='bbox 252 291 398 354; x_wconf 83' lang='lat' dir='ltr'>montibus,</span> <span class='ocrx_word' id='word_1_7' title='bbox 409 291 455 346; x_wconf 90' lang='lat' dir='ltr'>alii</span> <span class='ocrx_word' id='word_1_8' title='bbox 465 291 537 347; x_wconf 84' lang='lat' dir='ltr'>viam</span> <span class='ocrx_word' id='word_1_9' title='bbox 547 291 616 346; x_wconf 86' lang='lat' dir='ltr'>inter</span> <span class='ocrx_word' id='word_1_10' title='bbox 624 287 879 361; x_wconf 73' lang='lat' dir='ltr'>Mosellamquellu-</span> 
     </span>
     <span class='ocr_line' id='line_1_3' title="bbox 80 363 879 438; baseline -0.001 -16"><span class='ocrx_word' id='word_1_11' title='bbox 80 385 141 422; x_wconf 91' lang='lat' dir='ltr'>men</span> <span class='ocrx_word' id='word_1_12' title='bbox 157 373 210 421; x_wconf 91' lang='lat' dir='ltr'>tam</span> <span class='ocrx_word' id='word_1_13' title='bbox 223 367 354 438; x_wconf 81' lang='lat' dir='ltr'>inprovisi</span> <span class='ocrx_word' id='word_1_14' title='bbox 369 366 510 432; x_wconf 76' lang='lat' dir='ltr'>adsiluere,</span> <span class='ocrx_word' id='word_1_15' title='bbox 525 367 594 421; x_wconf 86' lang='lat' dir='ltr'>utin</span> <span class='ocrx_word' id='word_1_16' title='bbox 607 363 731 420; x_wconf 85' lang='lat' dir='ltr'>cubiculo</span> <span class='ocrx_word' id='word_1_17' title='bbox 740 381 771 419; x_wconf 86' lang='lat' dir='ltr'>ao</span> <span class='ocrx_word' id='word_1_18' title='bbox 781 364 879 422; x_wconf 89' lang='lat' dir='ltr'>lectulo</span> 
     </span>
     <span class='ocr_line' id='line_1_4' title="bbox 79 438 878 515; baseline -0.003 -17"><span class='ocrx_word' id='word_1_19' title='bbox 79 440 189 498; x_wconf 84' lang='lat' dir='ltr'>Cerialis</span> <span class='ocrx_word' id='word_1_20' title='bbox 200 441 298 515; x_wconf 88' lang='lat' dir='ltr'>(nequo</span> <span class='ocrx_word' id='word_1_21' title='bbox 311 445 384 497; x_wconf 90' lang='lat' dir='ltr'>enim</span> <span class='ocrx_word' id='word_1_22' title='bbox 397 449 499 496; x_wconf 89' lang='lat' dir='ltr'>noctem</span> <span class='ocrx_word' id='word_1_23' title='bbox 514 442 542 495; x_wconf 92' lang='lat' dir='ltr'>iu</span> <span class='ocrx_word' id='word_1_24' title='bbox 552 441 645 496; x_wconf 84' lang='lat' dir='ltr'>cestris</span> <span class='ocrx_word' id='word_1_25' title='bbox 655 438 751 513; x_wconf 78' lang='lat' dir='ltr'>egerat)</span> <span class='ocrx_word' id='word_1_26' title='bbox 760 443 878 513; x_wconf 78' lang='lat' dir='ltr'>pugnari</span> 
     </span>
     <span class='ocr_line' id='line_1_5' title="bbox 78 516 879 589; baseline 0 -18"><span class='ocrx_word' id='word_1_27' title='bbox 78 516 162 572; x_wconf 90' lang='lat' dir='ltr'>simul</span> <span class='ocrx_word' id='word_1_28' title='bbox 172 518 299 589; x_wconf 84' lang='lat' dir='ltr'>vincique</span> <span class='ocrx_word' id='word_1_29' title='bbox 311 535 376 572; x_wconf 90' lang='lat' dir='ltr'>suos</span> <span class='ocrx_word' id='word_1_30' title='bbox 384 517 506 581; x_wconf 79' lang='lat' dir='ltr'>audierit,</span> <span class='ocrx_word' id='word_1_31' title='bbox 521 517 661 587; x_wconf 87' lang='lat' dir='ltr'>increpans</span> <span class='ocrx_word' id='word_1_32' title='bbox 669 531 796 586; x_wconf 80' lang='lat' dir='ltr'>pavorem</span> <span class='ocrx_word' id='word_1_33' title='bbox 806 533 879 571; x_wconf 91' lang='lat' dir='ltr'>nun-</span> 
     </span>
     <span class='ocr_line' id='line_1_6' title="bbox 78 590 878 657; baseline 0 -11"><span class='ocrx_word' id='word_1_34' title='bbox 78 593 212 657; x_wconf 84' lang='lat' dir='ltr'>tiantium,</span> <span class='ocrx_word' id='word_1_35' title='bbox 224 593 307 648; x_wconf 91' lang='lat' dir='ltr'>donec</span> <span class='ocrx_word' id='word_1_36' title='bbox 317 593 440 646; x_wconf 85' lang='lat' dir='ltr'>universa</span> <span class='ocrx_word' id='word_1_37' title='bbox 451 591 539 646; x_wconf 88' lang='lat' dir='ltr'>clades</span> <span class='ocrx_word' id='word_1_38' title='bbox 547 592 576 645; x_wconf 89' lang='lat' dir='ltr'>in</span> <span class='ocrx_word' id='word_1_39' title='bbox 584 591 670 646; x_wconf 87' lang='lat' dir='ltr'>oculis</span> <span class='ocrx_word' id='word_1_40' title='bbox 679 590 739 644; x_wconf 88' lang='lat' dir='ltr'>luit.</span> <span class='ocrx_word' id='word_1_41' title='bbox 779 591 878 646; x_wconf 84' lang='lat' dir='ltr'>Porru-</span> 
     </span>
     <span class='ocr_line' id='line_1_7' title="bbox 78 665 878 740; baseline -0.001 -18"><span class='ocrx_word' id='word_1_42' title='bbox 78 675 123 739; x_wconf 88' lang='lat' dir='ltr'>pta</span> <span class='ocrx_word' id='word_1_43' title='bbox 143 667 278 740; x_wconf 82' lang='lat' dir='ltr'>legionum</span> <span class='ocrx_word' id='word_1_44' title='bbox 298 674 391 732; x_wconf 84' lang='lat' dir='ltr'>castra,</span> <span class='ocrx_word' id='word_1_45' title='bbox 413 666 467 720; x_wconf 88' lang='lat' dir='ltr'>lusi</span> <span class='ocrx_word' id='word_1_46' title='bbox 486 668 602 737; x_wconf 76' lang='lat' dir='ltr'>equites:</span> <span class='ocrx_word' id='word_1_47' title='bbox 628 665 733 720; x_wconf 87' lang='lat' dir='ltr'>medius</span> <span class='ocrx_word' id='word_1_48' title='bbox 752 665 878 721; x_wconf 81' lang='lat' dir='ltr'><strong>Mosellae</strong></span> 
     </span>
    </p>
   </div>
   <div class='ocr_carea' id='block_1_3' title="bbox 40 740 899 2768">
    <p class='ocr_par' dir='ltr' id='par_1_3' title="bbox 77 740 878 2005">
     <span class='ocr_line' id='line_1_8' title="bbox 78 740 878 814; baseline -0.003 -17"><span class='ocrx_word' id='word_1_49' title='bbox 78 760 156 814; x_wconf 89' lang='lat' dir='ltr'>pons,</span> <span class='ocrx_word' id='word_1_50' title='bbox 180 743 229 814; x_wconf 93' lang='lat' dir='ltr'>qui</span> <span class='ocrx_word' id='word_1_51' title='bbox 244 741 368 796; x_wconf 89' lang='lat' dir='ltr'>ulteriora</span> <span class='ocrx_word' id='word_1_52' title='bbox 383 741 499 795; x_wconf 87' lang='lat' dir='ltr'>coloniae</span> <span class='ocrx_word' id='word_1_53' title='bbox 513 741 636 805; x_wconf 87' lang='lat' dir='ltr'>adnectit,</span> <span class='ocrx_word' id='word_1_54' title='bbox 657 740 691 794; x_wconf 87' lang='lat' dir='ltr'>ab</span> <span class='ocrx_word' id='word_1_55' title='bbox 701 740 824 794; x_wconf 75' lang='lat' dir='ltr'>hostibus</span> <span class='ocrx_word' id='word_1_56' title='bbox 833 741 878 795; x_wconf 89' lang='lat' dir='ltr'>in-</span> 
     </span>
     <span class='ocr_line' id='line_1_9' title="bbox 78 813 878 888; baseline -0.003 -16"><span class='ocrx_word' id='word_1_57' title='bbox 78 835 180 872; x_wconf 83' lang='lat' dir='ltr'>sessos.</span> <span class='ocrx_word' id='word_1_58' title='bbox 219 815 340 880; x_wconf 81' lang='lat' dir='ltr'>Cerialis,</span> <span class='ocrx_word' id='word_1_59' title='bbox 355 815 470 871; x_wconf 83' lang='lat' dir='ltr'>turbidis</span> <span class='ocrx_word' id='word_1_60' title='bbox 483 815 564 870; x_wconf 91' lang='lat' dir='ltr'>rebus</span> <span class='ocrx_word' id='word_1_61' title='bbox 576 814 725 886; x_wconf 86' lang='lat' dir='ltr'>intrepidus</span> <span class='ocrx_word' id='word_1_62' title='bbox 734 822 761 868; x_wconf 87' lang='lat' dir='ltr'>et</span> <span class='ocrx_word' id='word_1_63' title='bbox 770 813 878 888; x_wconf 79' lang='lat' dir='ltr'>fugien-</span> 
     </span>
     <span class='ocr_line' id='line_1_10' title="bbox 78 891 878 961; baseline -0.004 -15"><span class='ocrx_word' id='word_1_64' title='bbox 78 899 118 946; x_wconf 87' lang='lat' dir='ltr'>tes</span> <span class='ocrx_word' id='word_1_65' title='bbox 128 908 209 946; x_wconf 90' lang='lat' dir='ltr'>manu</span> <span class='ocrx_word' id='word_1_66' title='bbox 220 891 366 955; x_wconf 86' lang='lat' dir='ltr'>retrahens,</span> <span class='ocrx_word' id='word_1_67' title='bbox 382 892 477 959; x_wconf 83' lang='lat' dir='ltr'>intecto</span> <span class='ocrx_word' id='word_1_68' title='bbox 490 907 598 961; x_wconf 89' lang='lat' dir='ltr'>corpore</span> <span class='ocrx_word' id='word_1_69' title='bbox 608 898 748 961; x_wconf 86' lang='lat' dir='ltr'>promptus</span> <span class='ocrx_word' id='word_1_70' title='bbox 758 891 828 944; x_wconf 89' lang='lat' dir='ltr'>iuter</span> <span class='ocrx_word' id='word_1_71' title='bbox 837 898 878 944; x_wconf 84' lang='lat' dir='ltr'>te-</span> 
     </span>
     <span class='ocr_line' id='line_1_11' title="bbox 78 964 875 1036; baseline -0.003 -15"><span class='ocrx_word' id='word_1_72' title='bbox 78 966 114 1030; x_wconf 76' lang='lat' dir='ltr'>la,</span> <span class='ocrx_word' id='word_1_73' title='bbox 135 965 205 1019; x_wconf 81' lang='lat' dir='ltr'>felici</span> <span class='ocrx_word' id='word_1_74' title='bbox 228 967 373 1019; x_wconf 87' lang='lat' dir='ltr'>temeritate</span> <span class='ocrx_word' id='word_1_75' title='bbox 392 973 417 1019; x_wconf 91' lang='lat' dir='ltr'>et</span> <span class='ocrx_word' id='word_1_76' title='bbox 436 965 573 1020; x_wconf 80' lang='lat' dir='ltr'>fortissimi</span> <span class='ocrx_word' id='word_1_77' title='bbox 597 966 730 1036; x_wconf 90' lang='lat' dir='ltr'>cuiusque</span> <span class='ocrx_word' id='word_1_78' title='bbox 748 964 875 1030; x_wconf 81' lang='lat' dir='ltr'>adcursu,</span> 
     </span>
     <span class='ocr_line' id='line_1_12' title="bbox 77 1039 876 1110; baseline 0.001 -16"><span class='ocrx_word' id='word_1_79' title='bbox 77 1041 252 1109; x_wconf 86' lang='lat' dir='ltr'>reciperatum</span> <span class='ocrx_word' id='word_1_80' title='bbox 272 1048 379 1110; x_wconf 89' lang='lat' dir='ltr'>pontem</span> <span class='ocrx_word' id='word_1_81' title='bbox 399 1039 479 1094; x_wconf 86' lang='lat' dir='ltr'>electa</span> <span class='ocrx_word' id='word_1_82' title='bbox 498 1058 581 1094; x_wconf 91' lang='lat' dir='ltr'>manu</span> <span class='ocrx_word' id='word_1_83' title='bbox 600 1039 725 1094; x_wconf 83' lang='lat' dir='ltr'>firmavit.</span> <span class='ocrx_word' id='word_1_84' title='bbox 764 1039 827 1094; x_wconf 85' lang='lat' dir='ltr'>Mox</span> <span class='ocrx_word' id='word_1_85' title='bbox 846 1041 876 1095; x_wconf 92' lang='lat' dir='ltr'>in</span> 
     </span>
     <span class='ocr_line' id='line_1_13' title="bbox 78 1113 876 1186; baseline 0.003 -18"><span class='ocrx_word' id='word_1_86' title='bbox 78 1122 162 1168; x_wconf 89' lang='lat' dir='ltr'>castra</span> <span class='ocrx_word' id='word_1_87' title='bbox 180 1130 317 1178; x_wconf 80' lang='lat' dir='ltr'>reversus,</span> <span class='ocrx_word' id='word_1_88' title='bbox 341 1113 459 1185; x_wconf 88' lang='lat' dir='ltr'>palantes</span> <span class='ocrx_word' id='word_1_89' title='bbox 482 1123 617 1185; x_wconf 87' lang='lat' dir='ltr'>captorum</span> <span class='ocrx_word' id='word_1_90' title='bbox 638 1115 709 1186; x_wconf 89' lang='lat' dir='ltr'>apud</span> <span class='ocrx_word' id='word_1_91' title='bbox 729 1115 876 1170; x_wconf 88' lang='lat' dir='ltr'>Novesium</span> 
     </span>
     <span class='ocr_line' id='line_1_14' title="bbox 77 1188 877 1262; baseline 0.003 -20"><span class='ocrx_word' id='word_1_92' title='bbox 77 1189 250 1260; x_wconf 76' lang='lat' dir='ltr'>Bonnamque</span> <span class='ocrx_word' id='word_1_93' title='bbox 263 1188 397 1262; x_wconf 77' lang='lat' dir='ltr'>legionum</span> <span class='ocrx_word' id='word_1_94' title='bbox 412 1189 564 1260; x_wconf 88' lang='lat' dir='ltr'>manipulos</span> <span class='ocrx_word' id='word_1_95' title='bbox 578 1199 603 1244; x_wconf 90' lang='lat' dir='ltr'>et</span> <span class='ocrx_word' id='word_1_96' title='bbox 613 1207 703 1244; x_wconf 88' lang='lat' dir='ltr'>rarum</span> <span class='ocrx_word' id='word_1_97' title='bbox 717 1189 789 1260; x_wconf 89' lang='lat' dir='ltr'>apud</span> <span class='ocrx_word' id='word_1_98' title='bbox 798 1191 877 1262; x_wconf 79' lang='lat' dir='ltr'>algua</span> 
     </span>
     <span class='ocr_line' id='line_1_15' title="bbox 78 1263 876 1336; baseline 0 -18"><span class='ocrx_word' id='word_1_99' title='bbox 78 1263 323 1335; x_wconf 83' lang='lat' dir='ltr'>militemacprope</span> <span class='ocrx_word' id='word_1_100' title='bbox 331 1267 524 1320; x_wconf 83' lang='lat' dir='ltr'>circumventas</span> <span class='ocrx_word' id='word_1_101' title='bbox 534 1265 638 1336; x_wconf 85' lang='lat' dir='ltr'>aquilas</span> <span class='ocrx_word' id='word_1_102' title='bbox 646 1264 726 1319; x_wconf 86' lang='lat' dir='ltr'>videt.</span> <span class='ocrx_word' id='word_1_103' title='bbox 747 1264 876 1319; x_wconf 82' lang='lat' dir='ltr'>Incensus</span> 
     </span>
     <span class='ocr_line' id='line_1_16' title="bbox 77 1339 877 1411; baseline 0.001 -19"><span class='ocrx_word' id='word_1_104' title='bbox 77 1339 127 1404; x_wconf 89' lang='lat' dir='ltr'>ira,</span> <span class='ocrx_word' id='word_1_105' title='bbox 139 1339 198 1394; x_wconf 77' lang='lat' dir='ltr'>Noa</span> <span class='ocrx_word' id='word_1_106' title='bbox 206 1340 338 1404; x_wconf 79' lang='lat' dir='ltr'>Flaccum,</span> <span class='ocrx_word' id='word_1_107' title='bbox 350 1341 448 1411; x_wconf 88' lang='lat' dir='ltr'>inquit,</span> <span class='ocrx_word' id='word_1_108' title='bbox 459 1358 511 1394; x_wconf 84' lang='lat' dir='ltr'>aaa</span> <span class='ocrx_word' id='word_1_109' title='bbox 524 1342 646 1394; x_wconf 76' lang='lat' dir='ltr'>Voculam</span> <span class='ocrx_word' id='word_1_110' title='bbox 654 1344 779 1394; x_wconf 61' lang='lat' dir='ltr'>decentis.</span> <span class='ocrx_word' id='word_1_111' title='bbox 808 1340 877 1395; x_wconf 84' lang='lat' dir='ltr'>Nul-</span> 
     </span>
     <span class='ocr_line' id='line_1_17' title="bbox 79 1417 877 1484; baseline 0.003 -17"><span class='ocrx_word' id='word_1_112' title='bbox 79 1417 106 1468; x_wconf 91' lang='lat' dir='ltr'>la</span> <span class='ocrx_word' id='word_1_113' title='bbox 125 1417 167 1468; x_wconf 78' lang='lat' dir='ltr'>bio</span> <span class='ocrx_word' id='word_1_114' title='bbox 181 1419 311 1483; x_wconf 75' lang='lat' dir='ltr'>proditio:</span> <span class='ocrx_word' id='word_1_115' title='bbox 330 1433 411 1484; x_wconf 83' lang='lat' dir='ltr'>aequa</span> <span class='ocrx_word' id='word_1_116' title='bbox 424 1419 498 1470; x_wconf 84' lang='lat' dir='ltr'>atiud</span> <span class='ocrx_word' id='word_1_117' title='bbox 512 1419 689 1469; x_wconf 79' lang='lat' dir='ltr'>excusandam</span> <span class='ocrx_word' id='word_1_118' title='bbox 698 1417 785 1477; x_wconf 81' lang='lat' dir='ltr'>babeo,</span> <span class='ocrx_word' id='word_1_119' title='bbox 798 1431 877 1482; x_wconf 83' lang='lat' dir='ltr'>qaam</span> 
     </span>
     <span class='ocr_line' id='line_1_18' title="bbox 78 1490 877 1560; baseline 0.003 -18"><span class='ocrx_word' id='word_1_120' title='bbox 78 1494 146 1558; x_wconf 84' lang='lat' dir='ltr'>quod</span> <span class='ocrx_word' id='word_1_121' title='bbox 160 1507 212 1553; x_wconf 76' lang='lat' dir='ltr'>ooo,</span> <span class='ocrx_word' id='word_1_122' title='bbox 230 1490 328 1544; x_wconf 76' lang='lat' dir='ltr'>Gallici</span> <span class='ocrx_word' id='word_1_123' title='bbox 341 1495 452 1560; x_wconf 65' lang='lat' dir='ltr'>laederis</span> <span class='ocrx_word' id='word_1_124' title='bbox 466 1494 565 1553; x_wconf 83' lang='lat' dir='ltr'>oblitos,</span> <span class='ocrx_word' id='word_1_125' title='bbox 580 1494 678 1544; x_wconf 74' lang='lat' dir='ltr'>redisse</span> <span class='ocrx_word' id='word_1_126' title='bbox 689 1494 877 1544; x_wconf 77' lang='lat' dir='ltr'>iomeotortam</span> 
     </span>
     <span class='ocr_line' id='line_1_19' title="bbox 78 1564 878 1628; baseline 0 -10"><span class='ocrx_word' id='word_1_127' title='bbox 78 1565 187 1618; x_wconf 72' lang='lat' dir='ltr'>Romans·</span> <span class='ocrx_word' id='word_1_128' title='bbox 196 1571 360 1628; x_wconf 74' lang='lat' dir='ltr'>sacramenti,</span> <span class='ocrx_word' id='word_1_129' title='bbox 373 1574 465 1618; x_wconf 85' lang='lat' dir='ltr'>temere</span> <span class='ocrx_word' id='word_1_130' title='bbox 474 1569 579 1618; x_wconf 77' lang='lat' dir='ltr'>credidi.</span> <span class='ocrx_word' id='word_1_131' title='bbox 613 1564 809 1618; x_wconf 80' lang='lat' dir='ltr'>Adaumerabor</span> <span class='ocrx_word' id='word_1_132' title='bbox 818 1565 878 1619; x_wconf 74' lang='lat' dir='ltr'>Na·</span> 
     </span>
     <span class='ocr_line' id='line_1_20' title="bbox 77 1640 877 1708; baseline 0.001 -16"><span class='ocrx_word' id='word_1_133' title='bbox 77 1643 161 1692; x_wconf 79' lang='lat' dir='ltr'>mitiis</span> <span class='ocrx_word' id='word_1_134' title='bbox 175 1648 198 1692; x_wconf 85' lang='lat' dir='ltr'>et</span> <span class='ocrx_word' id='word_1_135' title='bbox 213 1640 363 1693; x_wconf 83' lang='lat' dir='ltr'>Hereum&#39;ie:</span> <span class='ocrx_word' id='word_1_136' title='bbox 382 1648 411 1692; x_wconf 80' lang='lat' dir='ltr'>ut</span> <span class='ocrx_word' id='word_1_137' title='bbox 424 1657 510 1693; x_wconf 82' lang='lat' dir='ltr'>omnes</span> <span class='ocrx_word' id='word_1_138' title='bbox 524 1642 603 1708; x_wconf 78' lang='lat' dir='ltr'>leqots&#39;</span> <span class='ocrx_word' id='word_1_139' title='bbox 617 1643 697 1692; x_wconf 80' lang='lat' dir='ltr'>vestrl</span> <span class='ocrx_word' id='word_1_140' title='bbox 709 1648 755 1692; x_wconf 86' lang='lat' dir='ltr'>aut</span> <span class='ocrx_word' id='word_1_141' title='bbox 764 1642 877 1693; x_wconf 76' lang='lat' dir='ltr'>militum</span> 
     </span>
     <span class='ocr_line' id='line_1_21' title="bbox 77 1713 877 1781; baseline 0 -15"><span class='ocrx_word' id='word_1_142' title='bbox 77 1716 204 1773; x_wconf 77' lang='lat' dir='ltr'>monibus,</span> <span class='ocrx_word' id='word_1_143' title='bbox 220 1722 267 1766; x_wconf 85' lang='lat' dir='ltr'>out</span> <span class='ocrx_word' id='word_1_144' title='bbox 276 1717 393 1776; x_wconf 80' lang='lat' dir='ltr'>bostium,</span> <span class='ocrx_word' id='word_1_145' title='bbox 409 1718 554 1767; x_wconf 62' lang='lat' dir='ltr'>coemerint.</span> <span class='ocrx_word' id='word_1_146' title='bbox 593 1715 639 1774; x_wconf 83' lang='lat' dir='ltr'>Ite,</span> <span class='ocrx_word' id='word_1_147' title='bbox 650 1717 767 1767; x_wconf 79' lang='lat' dir='ltr'>nuntiate</span> <span class='ocrx_word' id='word_1_148' title='bbox 782 1713 877 1781; x_wconf 76' lang='lat' dir='ltr'>Vespa-</span> 
     </span>
     <span class='ocr_line' id='line_1_22' title="bbox 77 1787 878 1855; baseline 0.002 -14"><span class='ocrx_word' id='word_1_149' title='bbox 77 1792 161 1848; x_wconf 76' lang='lat' dir='ltr'>siano,</span> <span class='ocrx_word' id='word_1_150' title='bbox 176 1789 225 1848; x_wconf 88' lang='lat' dir='ltr'>oet,</span> <span class='ocrx_word' id='word_1_151' title='bbox 242 1792 310 1855; x_wconf 86' lang='lat' dir='ltr'>qaod</span> <span class='ocrx_word' id='word_1_152' title='bbox 320 1793 429 1855; x_wconf 77' lang='lat' dir='ltr'>propias</span> <span class='ocrx_word' id='word_1_153' title='bbox 443 1797 487 1850; x_wconf 80' lang='lat' dir='ltr'>est,</span> <span class='ocrx_word' id='word_1_154' title='bbox 502 1787 579 1842; x_wconf 69' lang='lat' dir='ltr'>cavea</span> <span class='ocrx_word' id='word_1_155' title='bbox 587 1797 611 1840; x_wconf 85' lang='lat' dir='ltr'>et</span> <span class='ocrx_word' id='word_1_156' title='bbox 622 1787 745 1851; x_wconf 77' lang='lat' dir='ltr'>Classico,</span> <span class='ocrx_word' id='word_1_157' title='bbox 756 1791 878 1843; x_wconf 82' lang='lat' dir='ltr'>relictum</span> 
     </span>
     <span class='ocr_line' id='line_1_23' title="bbox 77 1864 878 1932; baseline 0.002 -17"><span class='ocrx_word' id='word_1_158' title='bbox 77 1880 95 1915; x_wconf 88' lang='lat' dir='ltr'>a</span> <span class='ocrx_word' id='word_1_159' title='bbox 104 1864 212 1915; x_wconf 72' lang='lat' dir='ltr'>vocata</span> <span class='ocrx_word' id='word_1_160' title='bbox 224 1866 281 1914; x_wconf 76' lang='lat' dir='ltr'>acie</span> <span class='ocrx_word' id='word_1_161' title='bbox 289 1866 386 1916; x_wconf 83' lang='lat' dir='ltr'>dacem.</span> <span class='ocrx_word' id='word_1_162' title='bbox 429 1864 533 1916; x_wconf 81' lang='lat' dir='ltr'>Venient</span> <span class='ocrx_word' id='word_1_163' title='bbox 544 1865 661 1930; x_wconf 71' lang='lat' dir='ltr'>topiariae,</span> <span class='ocrx_word' id='word_1_164' title='bbox 673 1880 878 1932; x_wconf 69' lang='lat' dir='ltr'>quamquem</span> 
     </span>
     <span class='ocr_line' id='line_1_24' title="bbox 78 1938 646 2005; baseline 0 -15"><span class='ocrx_word' id='word_1_165' title='bbox 78 1938 198 1998; x_wconf 80' lang='lat' dir='ltr'>inultam,</span> <span class='ocrx_word' id='word_1_166' title='bbox 208 1953 289 2004; x_wconf 83' lang='lat' dir='ltr'>nequa</span> <span class='ocrx_word' id='word_1_167' title='bbox 298 1954 343 1991; x_wconf 85' lang='lat' dir='ltr'>ooe</span> <span class='ocrx_word' id='word_1_168' title='bbox 352 1941 491 2005; x_wconf 77' lang='lat' dir='ltr'>inpunitos,</span> <span class='ocrx_word' id='word_1_169' title='bbox 500 1944 646 2004; x_wconf 75' lang='lat' dir='ltr'>potiuntur.</span> 
     </span>
    </p>

    <p class='ocr_par' dir='ltr' id='par_1_4' title="bbox 77 2009 878 2608">
     <span class='ocr_line' id='line_1_25' title="bbox 133 2009 876 2082; baseline 0.005 -18"><span class='ocrx_word' id='word_1_170' title='bbox 133 2010 176 2064; x_wconf 82' lang='lat'>78.</span> <span class='ocrx_word' id='word_1_171' title='bbox 197 2009 265 2066; x_wconf 87' lang='lat' dir='ltr'>Vera</span> <span class='ocrx_word' id='word_1_172' title='bbox 282 2020 356 2066; x_wconf 89' lang='lat' dir='ltr'>erant</span> <span class='ocrx_word' id='word_1_173' title='bbox 375 2021 400 2066; x_wconf 89' lang='lat' dir='ltr'>et</span> <span class='ocrx_word' id='word_1_174' title='bbox 420 2030 434 2066; x_wconf 85' lang='lat' dir='ltr'>a</span> <span class='ocrx_word' id='word_1_175' title='bbox 449 2012 564 2066; x_wconf 86' lang='lat' dir='ltr'>tribunis</span> <span class='ocrx_word' id='word_1_176' title='bbox 577 2011 770 2082; x_wconf 74' lang='lat' dir='ltr'>praefectisque</span> <span class='ocrx_word' id='word_1_177' title='bbox 783 2012 876 2068; x_wconf 87' lang='lat' dir='ltr'>eadem</span> 
     </span>
     <span class='ocr_line' id='line_1_26' title="bbox 78 2086 875 2158; baseline 0.005 -19"><span class='ocrx_word' id='word_1_178' title='bbox 78 2086 275 2158; x_wconf 79' lang='lat' dir='ltr'>ingerebantur.</span> <span class='ocrx_word' id='word_1_179' title='bbox 315 2087 469 2141; x_wconf 87' lang='lat' dir='ltr'>Consistunt</span> <span class='ocrx_word' id='word_1_180' title='bbox 482 2103 529 2157; x_wconf 89' lang='lat' dir='ltr'>per</span> <span class='ocrx_word' id='word_1_181' title='bbox 543 2087 662 2142; x_wconf 88' lang='lat' dir='ltr'>cobortes</span> <span class='ocrx_word' id='word_1_182' title='bbox 673 2096 698 2141; x_wconf 88' lang='lat' dir='ltr'>et</span> <span class='ocrx_word' id='word_1_183' title='bbox 708 2087 875 2158; x_wconf 87' lang='lat' dir='ltr'>manipulos:</span> 
     </span>
     <span class='ocr_line' id='line_1_27' title="bbox 79 2161 877 2232; baseline 0.004 -17"><span class='ocrx_word' id='word_1_184' title='bbox 79 2179 166 2232; x_wconf 88' lang='lat' dir='ltr'>neque</span> <span class='ocrx_word' id='word_1_185' title='bbox 181 2163 251 2215; x_wconf 90' lang='lat' dir='ltr'>enim</span> <span class='ocrx_word' id='word_1_186' title='bbox 267 2169 368 2232; x_wconf 86' lang='lat' dir='ltr'>poterat</span> <span class='ocrx_word' id='word_1_187' title='bbox 380 2170 513 2232; x_wconf 87' lang='lat' dir='ltr'>patescere</span> <span class='ocrx_word' id='word_1_188' title='bbox 526 2162 606 2228; x_wconf 86' lang='lat' dir='ltr'>acies,</span> <span class='ocrx_word' id='word_1_189' title='bbox 622 2161 706 2216; x_wconf 82' lang='lat' dir='ltr'>effuso</span> <span class='ocrx_word' id='word_1_190' title='bbox 716 2161 791 2216; x_wconf 87' lang='lat' dir='ltr'>hoste</span> <span class='ocrx_word' id='word_1_191' title='bbox 800 2171 825 2217; x_wconf 87' lang='lat' dir='ltr'>et</span> <span class='ocrx_word' id='word_1_192' title='bbox 835 2163 877 2218; x_wconf 89' lang='lat' dir='ltr'>in-</span> 
     </span>
     <span class='ocr_line' id='line_1_28' title="bbox 78 2237 876 2308; baseline 0.001 -18"><span class='ocrx_word' id='word_1_193' title='bbox 78 2237 247 2306; x_wconf 86' lang='lat' dir='ltr'>pedientibus</span> <span class='ocrx_word' id='word_1_194' title='bbox 267 2237 385 2291; x_wconf 89' lang='lat' dir='ltr'>tentoriis</span> <span class='ocrx_word' id='word_1_195' title='bbox 404 2237 579 2308; x_wconf 84' lang='lat' dir='ltr'>sarcinisque,</span> <span class='ocrx_word' id='word_1_196' title='bbox 600 2255 663 2291; x_wconf 88' lang='lat' dir='ltr'>oum</span> <span class='ocrx_word' id='word_1_197' title='bbox 685 2237 753 2291; x_wconf 87' lang='lat' dir='ltr'>intra</span> <span class='ocrx_word' id='word_1_198' title='bbox 774 2237 876 2292; x_wconf 88' lang='lat' dir='ltr'>vallum</span> 
     </span>
     <span class='ocr_line' id='line_1_29' title="bbox 77 2311 877 2382; baseline 0.003 -18"><span class='ocrx_word' id='word_1_199' title='bbox 77 2319 250 2382; x_wconf 83' lang='lat' dir='ltr'>pugnaretur.</span> <span class='ocrx_word' id='word_1_200' title='bbox 291 2312 372 2366; x_wconf 87' lang='lat' dir='ltr'>Tutor</span> <span class='ocrx_word' id='word_1_201' title='bbox 387 2319 412 2366; x_wconf 90' lang='lat' dir='ltr'>et</span> <span class='ocrx_word' id='word_1_202' title='bbox 426 2311 561 2367; x_wconf 86' lang='lat' dir='ltr'>Classicus</span> <span class='ocrx_word' id='word_1_203' title='bbox 575 2319 600 2366; x_wconf 89' lang='lat' dir='ltr'>et</span> <span class='ocrx_word' id='word_1_204' title='bbox 612 2311 717 2376; x_wconf 84' lang='lat' dir='ltr'>Civilis,</span> <span class='ocrx_word' id='word_1_205' title='bbox 731 2313 789 2366; x_wconf 89' lang='lat' dir='ltr'>suis</span> <span class='ocrx_word' id='word_1_206' title='bbox 800 2313 877 2382; x_wconf 90' lang='lat' dir='ltr'>quis-</span> 
     </span>
     <span class='ocr_line' id='line_1_30' title="bbox 78 2385 878 2458; baseline 0.004 -18"><span class='ocrx_word' id='word_1_207' title='bbox 78 2385 216 2456; x_wconf 79' lang='lat' dir='ltr'>querceis,</span> <span class='ocrx_word' id='word_1_208' title='bbox 231 2403 350 2458; x_wconf 80' lang='lat' dir='ltr'>pugnam</span> <span class='ocrx_word' id='word_1_209' title='bbox 361 2387 478 2442; x_wconf 88' lang='lat' dir='ltr'>ciebant:</span> <span class='ocrx_word' id='word_1_210' title='bbox 500 2387 590 2442; x_wconf 87' lang='lat' dir='ltr'>Gallos</span> <span class='ocrx_word' id='word_1_211' title='bbox 603 2404 651 2457; x_wconf 92' lang='lat' dir='ltr'>pro</span> <span class='ocrx_word' id='word_1_212' title='bbox 661 2385 789 2451; x_wconf 87' lang='lat' dir='ltr'>libertate,</span> <span class='ocrx_word' id='word_1_213' title='bbox 801 2388 878 2443; x_wconf 80' lang='lat' dir='ltr'>Rata-</span> 
     </span>
     <span class='ocr_line' id='line_1_31' title="bbox 78 2460 878 2533; baseline 0 -17"><span class='ocrx_word' id='word_1_214' title='bbox 78 2478 126 2516; x_wconf 90' lang='lat' dir='ltr'>vos</span> <span class='ocrx_word' id='word_1_215' title='bbox 136 2478 184 2531; x_wconf 92' lang='lat' dir='ltr'>pro</span> <span class='ocrx_word' id='word_1_216' title='bbox 193 2460 286 2533; x_wconf 78' lang='lat' dir='ltr'>gloria,</span> <span class='ocrx_word' id='word_1_217' title='bbox 299 2462 444 2516; x_wconf 84' lang='lat' dir='ltr'>Germanos</span> <span class='ocrx_word' id='word_1_218' title='bbox 455 2461 489 2516; x_wconf 89' lang='lat' dir='ltr'>ad</span> <span class='ocrx_word' id='word_1_219' title='bbox 503 2463 627 2531; x_wconf 85' lang='lat' dir='ltr'>praedam</span> <span class='ocrx_word' id='word_1_220' title='bbox 637 2462 803 2533; x_wconf 76' lang='lat' dir='ltr'>instigantes.</span> <span class='ocrx_word' id='word_1_221' title='bbox 843 2463 878 2516; x_wconf 86' lang='lat' dir='ltr'>Et</span> 
     </span>
     <span class='ocr_line' id='line_1_32' title="bbox 77 2536 875 2608; baseline 0.005 -21"><span class='ocrx_word' id='word_1_222' title='bbox 77 2545 170 2588; x_wconf 84' lang='lat' dir='ltr'>cuncta</span> <span class='ocrx_word' id='word_1_223' title='bbox 178 2553 230 2605; x_wconf 88' lang='lat' dir='ltr'>pro</span> <span class='ocrx_word' id='word_1_224' title='bbox 244 2537 367 2589; x_wconf 91' lang='lat' dir='ltr'>hostibus</span> <span class='ocrx_word' id='word_1_225' title='bbox 380 2544 466 2603; x_wconf 88' lang='lat' dir='ltr'>erant;</span> <span class='ocrx_word' id='word_1_226' title='bbox 487 2536 570 2590; x_wconf 88' lang='lat' dir='ltr'>donec</span> <span class='ocrx_word' id='word_1_227' title='bbox 579 2536 648 2608; x_wconf 81' lang='lat' dir='ltr'>legio</span> <span class='ocrx_word' id='word_1_228' title='bbox 657 2538 875 2601; x_wconf 85' lang='lat' dir='ltr'>unaetvicesima‚</span> 
     </span>
    </p>

    <p class='ocr_par' dir='ltr' id='par_1_5' title="bbox 40 2611 899 2768">
     <span class='ocr_line' id='line_1_33' title="bbox 53 2611 881 2686; baseline 0.004 -27"><span class='ocrx_word' id='word_1_229' title='bbox 53 2613 220 2677; x_wconf 78' lang='lat' dir='ltr'>patentiora,</span> <span class='ocrx_word' id='word_1_230' title='bbox 238 2630 325 2685; x_wconf 91' lang='lat' dir='ltr'>quarn</span> <span class='ocrx_word' id='word_1_231' title='bbox 339 2621 453 2681; x_wconf 89' lang='lat' dir='ltr'>caterae,</span> <span class='ocrx_word' id='word_1_232' title='bbox 473 2613 560 2686; x_wconf 84' lang='lat' dir='ltr'>spatio</span> <span class='ocrx_word' id='word_1_233' title='bbox 574 2611 742 2685; x_wconf 65' lang='lat' dir='ltr'>conglobata,</span> <span class='ocrx_word' id='word_1_234' title='bbox 751 2612 881 2663; x_wconf 73' lang='lat' dir='ltr'>sustinuit</span> 
     </span>
     <span class='ocr_line' id='line_1_34' title="bbox 40 2681 899 2768; baseline 0.02 -39"><span class='ocrx_word' id='word_1_235' title='bbox 40 2691 177 2756; x_wconf 51' lang='lat' dir='ltr'>ruentem·</span> <span class='ocrx_word' id='word_1_236' title='bbox 197 2706 269 2749; x_wconf 79' lang='lat' dir='ltr'>mox</span> <span class='ocrx_word' id='word_1_237' title='bbox 282 2692 405 2768; x_wconf 85' lang='lat' dir='ltr'>inpulit.</span> <span class='ocrx_word' id='word_1_238' title='bbox 445 2692 508 2751; x_wconf 83' lang='lat' dir='ltr'>Nec</span> <span class='ocrx_word' id='word_1_239' title='bbox 522 2692 588 2765; x_wconf 75' lang='lat' dir='ltr'>sine</span> <span class='ocrx_word' id='word_1_240' title='bbox 601 2704 655 2762; x_wconf 77' lang='lat' dir='ltr'>ope</span> <span class='ocrx_word' id='word_1_241' title='bbox 668 2685 777 2744; x_wconf 55' lang='lat' dir='ltr'>dimi</span> <span class='ocrx_word' id='word_1_242' title='bbox 786 2681 899 2735; x_wconf 51' lang='lat' dir='ltr'>mm*</span> 
     </span>
    </p>
   </div>
   <div class='ocr_carea' id='block_1_4' title="bbox 0 0 980 3016">
    <p class='ocr_par' dir='ltr' id='par_1_6' title="bbox 0 0 980 3016">
     <span class='ocr_line' id='line_1_35' title="bbox 0 0 980 3016; baseline 0 0"><span class='ocrx_word' id='word_1_243' title='bbox 0 0 980 3016; x_wconf 95' lang='lat' dir='ltr'> </span> 
     </span>
    </p>
   </div>
  </div>
 </body>
</html>
