1950 3016
76 204 129 261 Μ
242 208 271 258 G.
291 207 511 259 contulimus
529 206 702 257 TAGITUG
738 220 741 225 ·

76 312 145 367 tium
154 309 275 367 instituta
284 310 416 382 ritusque.
427 316 560 382 quatenus
570 307 703 374 differant,
711 323 783 380 quae
792 308 876 363 natio·

76 403 124 444 nee
134 384 300 443 eGermauia
313 387 341 440 in
352 384 452 441 Gallias
466 385 709 456 oommigraveriut‚
722 381 873 453 expediam.

130 463 173 518 28.
194 461 341 517 Validiores
354 459 418 515 oiim
430 459 568 517 Gallorum
582 458 730 524 aestuare,
749 474 875 513 summm

76 543 214 595 auctorum
228 535 255 591 d.
272 534 357 590 lulius
371 534 462 590 tradit:
495 551 579 605 eoque
588 531 715 591 credibile
724 539 774 598 eet,
796 534 874 591 attam

77 610 166 670 Gallos
176 612 205 667 in
217 611 387 669 Germaniam
396 617 585 682 transgressos.
625 607 792 675 Quanmlum
803 608 874 663 enim

76 687 164 743 amnia
174 685 364 757 obstabatque
374 685 512 748 minua,ut
520 700 644 755 quaeque
651 701 720 757 gena
728 682 872 748 revaluerat,

75 769 215 832 oocuparet
227 767 442 832 permutaretque
455 758 543 823 aedes.
563 759 729 832 promiscuae
748 757 839 815 adhue
850 764 876 813 et

76 836 150 895 nullu
167 853 309 908 regnorum
323 834 438 905 potentia
451 831 571 891 divisam
600 833 683 906 Igitur
697 834 766 888 iuter
775 833 876 907 Hercy-

77 912 151 967 niam
164 910 262 965 silvam
276 909 454 980 Rhenumque
468 916 493 964 et
506 909 631 965 Moenum
644 924 737 963 amnes
749 907 873 973 Helvetii,

76 984 200 1041 ulteriora
213 983 280 1047 Boii,
302 982 611 1056 Gallioautraquegena‚
631 990 747 1040 tenuere
788 982 875 1037 Manat

76 1059 164 1113 adhuc
178 1059 293 1112 Boihamt'
306 1074 411 1121 nomen,
428 1057 613 1129 significatque
626 1056 675 1112 loci
690 1064 808 1113 ueterem
818 1073 877 1111 me·

76 1133 198 1197 utorium,
209 1131 619 1203 quamviamutatiaoultoribuo.
645 1130 799 1187 Sedutrum
809 1129 874 1185 Ara·

76 1208 143 1265 visoi
158 1208 186 1261 in
199 1207 363 1263 Pannoniam
377 1206 412 1261 ab
425 1205 497 1271 Osis,
508 1207 703 1263 Germanorum
713 1206 829 1270 natione,
841 1222 874 1261 an

76 1281 123 1339 Oai
134 1282 169 1337 ab
182 1281 318 1337 Araviscis
331 1282 360 1337 in
372 1281 541 1339 Germaniam
556 1281 800 1353 oommigravoriut.
811 1297 873 1337 oum

76 1357 167 1413 eodem
177 1357 266 1415 adhue
275 1373 406 1422 sermone,
419 1356 558 1420 institutis,
572 1356 821 1420 memorarentur,
833 1355 875 1409 in·

76 1441 178 1489 eertum
192 1440 246 1489 eata
266 1432 341 1504 quia,
355 1430 413 1503 pari
428 1430 491 1485 olim
502 1431 591 1501 inopia
601 1447 632 1485 ao
642 1429 769 1493 libertate,
782 1429 873 1485 eadem

76 1507 218 1579 turiusque
231 1507 306 1578 ripae
317 1506 387 1563 bena
400 1505 525 1576 malaque
533 1512 617 1563 erant.
655 1503 764 1559 Treveri
774 1511 800 1558 et
808 1505 875 1559 Ner·

76 1583 114 1641 vii
128 1583 196 1639 eirca
211 1580 410 1637 adfectationem
423 1579 595 1635 Germanicae
610 1579 722 1651 originis
736 1577 807 1633 ultro
816 1595 875 1633 am·

76 1657 165 1713 bitioai
175 1663 248 1720 aunt,
268 1663 415 1726 uniquam.
436 1671 484 1724 per
495 1652 565 1711 hanc
573 1652 686 1726 gloriam
695 1653 874 1725 anagninam

75 1729 253 1786 similitudine
270 1737 296 1784 et
314 1730 408 1785 inertia
422 1727 560 1785 Gallorum
579 1735 745 1798 separentur.
785 1728 874 1799 lpenm

75 1803 162 1858 Rheni
175 1803 261 1872 ripam
276 1802 443 1857 hauddubie
458 1803 651 1859 Germanorum
666 1801 758 1872 populi
772 1801 873 1867 ‹traluut¹

75 1877 236 1951 Vangiones,
246 1876 361 1940 Triboci,
371 1877 504 1933 Nemetes.
525 1877 565 1933 Ne
574 1876 636 1933 Ubii
645 1876 766 1948 quidem.
777 1893 875 1947 quam·

76 1969 158 2026 quam
178 1951 294 2005 Romana
314 1949 414 2005 oolonia
424 1967 483 2005 ease
492 1952 639 2007 meruerint
651 1968 683 2007 ao
696 1950 823 2007 libentius
837 1950 875 2007 ,t-

75 2031 259 2098 prippiaenaem
275 2024 416 2081 eondimris
433 2025 477 2081 aui
491 2026 608 2087 nomine.
624 2033 760 2089 vocentur,
770 2025 875 2098 origine

75 2100 484 2173 erubescunt‚transgroaaiolim
493 2101 710 2170 etexperimeutn
720 2099 783 2157 fidei
792 2116 874 2171 supr:

75 2179 161 2249 ipsam
172 2175 259 2235 Rheni
268 2177 354 2248 ripam
365 2174 500 2240 ooulonati,
510 2182 540 2231 ut
549 2181 736 2239 moerentum
745 2182 775 2231 ut
784 2183 874 2231 custo-

75 2253 204 2309 direntur.

129 2330 172 2384 tt.
193 2323 322 2383 omnium
335 2323 431 2380 lrarum
441 2316 562 2396 gentium
572 2324 670 2379 virtute
677 2323 816 2395 praecipui
823 2323 874 2379 ua-

75 2402 139 2467 tavi.
161 2418 213 2459 nou
228 2398 345 2458 multum
357 2415 391 2457 ex
403 2399 470 2469 ripa,
492 2397 540 2453 ead
550 2396 667 2455 insulam
677 2397 763 2454 ltheni
774 2399 872 2464 amnia,

75 2475 317 2541 uoluntcamrum
328 2473 463 2545 quondam
472 2471 599 2545 populus,
610 2472 773 2529 etserlitione
782 2471 874 2529 dome-

76 2551 142 2607 stica
151 2551 179 2606 in
190 2567 233 2605 eae
243 2549 319 2607 aedae
329 2557 521 2622 transgressus,
534 2548 564 2602 in
573 2547 674 2618 quibus
687 2564 750 2618 pers
761 2547 872 2605 Romani

76 2625 181 2694 imperii
191 2624 292 2683 fiarent.
332 2622 872 2694 Manethonoeetantiquaetoeietatiain·

75 2699 167 2768 signa:
183 2715 246 2757 nam
256 2714 306 2755 neo
314 2698 422 2757 tributio
430 2703 702 2764 eontentnuutumeo
710 2696 873 2770 pontianae
