1950 3016
99 197 299 275 [noma-sto.)
335 206 465 254 aonio.
483 206 668 256 carmem.
849 202 900 258 att

100 311 243 367 verborum
260 309 360 364 bonore
372 307 517 372 somniate,
537 307 644 363 deeerui
657 310 686 364 in
703 317 797 365 senatu
811 311 898 368 iubett

97 386 228 457 additque
237 387 349 456 insuper
357 386 520 455 opinionem,
531 382 637 456 Syriam
647 386 810 455 provinciam
822 387 902 459 Agri·

98 461 172 517 ooiee
185 460 323 524 destinari,
340 476 451 514 vaenum
467 466 526 513 tum
541 465 624 514 morte
638 458 712 513 Atilii
723 460 793 522 uuit,
803 478 901 516 oonsu-

99 536 173 599 iaris‚
193 544 220 590 et
239 535 387 590 maioribus
404 542 574 589 reservatam.
614 532 756 588 Credidere
768 534 899 606 plerique,

99 611 227 667 libertum
242 627 276 665 ex
285 609 472 665 secretioribus
485 609 643 663 ministeriis
652 610 766 663 missum
777 610 812 663 ad
821 611 901 682 Agri·

96 686 197 751 eniam,
207 684 461 757 mdiuiiios‚quibus
469 685 493 738 ei
505 683 582 756 Syria
591 682 714 749 dabutur,
726 683 900 747 tuberosum

147 768 249 831 eeepto,
264 768 303 825 ut,
315 760 377 814 siin
388 760 522 814 Britannia
533 758 608 824 foret,
623 759 802 813 traderentur:
823 777 901 815 eum·

98 852 155 909 que
164 835 290 890 libertum
300 835 328 889 in
339 834 398 905 ipso
408 833 473 889 irato
482 833 580 888 Ooeeni
589 833 701 888 obvium
711 832 859 907 Agriooine‚
866 852 900 890 ne

98 909 230 983 adnullato
243 909 353 981 quidem
368 927 408 973 eo,
428 908 463 962 ad
477 909 657 963 Domitianum
675 926 821 964 remeasse:
841 911 901 964 sive

98 1002 196 1043 verum
206 984 289 1058 istud,
305 985 363 1038 eive
377 1000 410 1039 ex
423 985 532 1057 ingenio
545 984 675 1054 principis
685 983 777 1039 fiotum
787 1001 818 1039 ee
827 1002 901 1040 oem-

98 1061 217 1134 positum
235 1066 284 1113 est.
324 1058 478 1113 Tradiderat
494 1059 601 1113 iuterim
615 1059 737 1133 Agrieola
751 1060 899 1115 aueoessori

98 1152 151 1191 suo
164 1133 329 1207 provinciam
342 1135 461 1206 quietem
476 1140 622 1204 tutamque.
662 1133 710 1199 do,
731 1152 766 1189 ne
775 1135 899 1191 notabilis

98 1210 250 1266 oeiebritnte
263 1216 289 1263 et
302 1206 451 1281 frequentia
464 1209 662 1263 decurrentium
681 1210 805 1264 introitus
818 1219 898 1276 esset,

99 1286 182 1341 vitato
190 1285 338 1339 amioorum
347 1282 444 1348 officio,
455 1290 534 1337 noctu
543 1283 572 1337 in
579 1282 685 1348 urbem,
697 1292 776 1338 nootu
786 1285 815 1337 in
826 1284 900 1355 poia·

98 1361 179 1424 tium,
190 1360 227 1414 ita
238 1366 267 1413 ut
277 1367 445 1430 praeseptum
455 1365 519 1421 erat,
527 1358 614 1411 venit:
634 1367 816 1428 exceptusque
825 1359 900 1414 brevi

97 1434 201 1499 oronim
216 1440 243 1488 et
252 1432 327 1488 nuiio
336 1446 468 1497 sermone,
482 1431 576 1487 turbae
583 1432 758 1487 servientium
769 1432 900 1487 inmixtus

98 1517 150 1566 aet.
189 1508 324 1573 Ceterum
338 1515 370 1563 ut
379 1507 494 1563 miiitum
503 1523 611 1571 nomen,
624 1523 705 1579 grave
715 1506 783 1561 inter
791 1507 899 1573 otiosos,

97 1584 161 1641 aliie
170 1583 316 1641 virtutibus
326 1589 491 1654 temperaret,
498 1581 716 1653 tranquillitatem
726 1589 807 1652 atque
814 1583 900 1636 otium

97 1660 207 1733 penitus
217 1659 302 1723 auxit,
318 1657 393 1713 cuitu
403 1657 534 1722 modicus,
550 1672 673 1711 sermone
683 1655 778 1721 facilis,
791 1674 845 1711 uno
855 1664 901 1712 aut

97 1736 181 1791 alteru
195 1734 343 1789 aminarum
359 1733 514 1788 eomitatust
535 1731 601 1786 odeo
614 1741 645 1786 ut
653 1731 785 1804 plerique,
798 1733 900 1803 quibus

97 1826 212 1884 mugnus
221 1809 295 1864 virne
307 1824 356 1879 per
369 1807 542 1862 ambitionem
556 1807 696 1861 aestimare
708 1824 766 1862 mos
781 1815 831 1874 est,
842 1809 901 1863 viso

97 1884 278 1956 adopertoque
291 1883 423 1957 Agricola,
438 1890 595 1955 quaererent
604 1881 713 1948 umam,
727 1884 807 1955 pauoi
817 1884 901 1938 inter·

58 2029 61 2033 Ι
96 1965 274 2033 pretereutur.

154 2036 198 2089 tt.
218 2033 318 2089 Crebro
331 2049 379 2104 per
392 2048 437 2088 eos
450 2032 508 2087 dies
521 2031 593 2103 apud
606 2032 787 2088 Domitianum
802 2032 899 2086 absens

97 2108 253 2174 edmrmtus,
268 2108 366 2162 absens
375 2108 513 2163 absolutus
522 2115 571 2162 est.
612 2107 714 2163 Caussa
724 2105 836 2177 periculi
847 2124 899 2161 non

97 2184 202 2239 urimeu
212 2182 311 2248 nilum,
323 2192 369 2237 rut
378 2182 485 2254 querela
497 2181 561 2237 laesi
570 2182 743 2253 cuiusquam,
755 2181 803 2235 sed
813 2180 900 2234 inien-

97 2276 148 2315 aue
157 2257 304 2315 virtutibus
312 2259 447 2329 prinoeps,
459 2264 484 2311 et
493 2256 577 2331 gloria
587 2257 648 2322 viri,
659 2273 691 2310 ae
698 2256 848 2326 pessimum
857 2256 901 2310 in·

97 2335 242 2391 imieorum
255 2349 351 2406 genus,
369 2332 515 2389 laudantes.
553 2331 587 2385 Et
602 2349 632 2386 m
646 2332 765 2386 inseouta
775 2331 901 2385 euntrei-

97 2408 224 2482 publices
233 2416 360 2479 tempora,
376 2425 445 2480 quaa
455 2407 528 2462 sileri
538 2404 690 2478 Agrieoiem
703 2421 756 2459 uon
766 2406 897 2460 sinerentr

96 2492 137 2539 tet
150 2484 283 2539 axeroitue
297 2484 325 2538 in
340 2483 438 2539 Moesia
452 2483 586 2552 Dacisque
598 2488 625 2534 et
638 2480 782 2535 Germania
795 2480 901 2535 Panno·

97 2558 200 2630 nisque
209 2558 355 2613 temeritate
363 2567 410 2613 aut
417 2574 466 2631 per
476 2555 615 2631 ignaviam
623 2554 732 2610 dumam
737 2555 856 2608 uminum
870 2561 917 2632 ists

91 2633 225 2685 militem
240 2633 293 2687 riri
310 2650 375 2690 eum
391 2642 430 2691 tot
444 2632 609 2692 oohortibus
620 2630 783 2706 exunguub
799 2633 833 2679 εἱ
842 2628 940 2699 ww:

77 2703 199 2757 neniam
213 2704 349 2767 delimite
359 2712 476 2788 imperii
486 2713 610 2792 utrina,
623 2693 967 2772 subduximus&
