1950 3016
62 102 184 177 r.c.ra.)
270 112 348 159 aas.
369 113 388 159 u
410 113 498 161 cnr.
519 114 641 160 ‘rr-ra.
827 109 859 162 tt

60 216 124 269 ratis
144 215 199 269 iam
215 214 326 269 senibus
340 213 480 269 cumulum
494 214 630 289 dignitatis
644 214 758 271 addidit:
778 225 805 270 et
817 234 860 271 ro-

60 309 124 346 cens
133 291 169 345 ah
179 289 275 345 exsilio
284 306 403 345 reversos
413 289 515 345 nobiles
524 291 730 347 adolescentulos
741 293 818 346 avitis
828 310 859 346 ao
888 319 892 324 ·

59 368 179 439 paternis
194 365 357 427 sacerdotiis,
378 370 405 419 in
418 366 553 430 solatium,
574 366 688 421 recoluit.
730 367 857 421 Redditus

60 443 142 497 Cadio
164 441 240 506 llulo,
261 440 342 495 Pedio
360 441 458 504 Blaeso,
475 441 588 496 Saevino
604 442 740 512 Pomptino
755 454 858 497 senato-

59 520 117 572 rius
129 517 212 572 locus.
240 516 453 587 Repetunelarum
467 518 626 571 criminibus
641 518 692 571 suh
705 517 815 571 Claudio
829 536 859 572 ao

60 593 164 647 Nerone
173 592 330 646 ceciderant.
357 591 455 647 Placuit
467 593 674 664 ignoscentibus,
686 610 763 647 verso
774 596 858 647 nomi-

60 686 102 732 ne,
114 668 188 740 quod
200 669 309 721 avaritia
321 665 412 731 luerat,
425 667 508 721 videri
519 672 697 722 rnaiestatenr:
712 669 789 722 cuius
801 678 857 722 tum

59 744 119 800 odio
129 745 211 797 etiam
225 742 308 797 bonae
318 741 388 814 leges
398 743 528 813 peribant.

112 820 157 873 78.
180 817 278 871 Eadem
296 816 432 890 largitione
442 819 578 872 civitatum
588 835 697 889 quoque
710 835 740 871 ac
749 819 858 888 provin-

60 894 162 949 ciarum
174 895 279 948 animos
288 892 441 967 adgressus,
453 893 665 963 Hispaliensilrus
676 903 701 947 et
711 894 857 947 Emeriten-

59 970 136 1024 sibus
148 967 310 1022 familiarum
321 967 489 1032 adiectiones‚
502 968 666 1041 Lingonibus
678 971 810 1023 universis
820 970 858 1023 ci·

59 1046 168 1099 vinem
180 1044 492 1113 Romanam,provineiae
502 1043 618 1098 Baeticae
628 1045 778 1098 hlaurorum
790 1049 858 1098 civi-

60 1128 124 1174 tates
134 1118 206 1173 dono
214 1118 295 1173 dedit.
316 1119 390 1172 Nova
402 1120 458 1171 iura
468 1118 655 1189 Cappadociae,
667 1137 733 1173 nova
743 1119 855 1183 Africae,

59 1205 159 1250 ostenta
172 1195 269 1267 magis,
280 1211 360 1264 qrram
373 1211 507 1249 mansura.
538 1196 606 1248 lrrter
616 1212 694 1265 quae,
706 1197 858 1248 necessitate

59 1273 241 1342 praesentium
262 1286 351 1323 rerum
372 1278 397 1322 et
410 1269 571 1324 instantibus
586 1272 657 1323 curis
670 1279 803 1333 excusata,
826 1285 858 1322 ne

59 1354 116 1400 tum
131 1344 244 1417 quidem
259 1346 399 1398 immemor
413 1362 543 1408 surorum,
559 1353 657 1398 statuas
669 1345 801 1413 Poppaeae
812 1360 858 1413 per

61 1430 170 1476 senatus
179 1418 332 1474 consultum
343 1420 469 1489 reposuit.
504 1418 626 1473 Creditus
636 1427 675 1472 est
684 1420 761 1472 etiam
772 1418 805 1471 de
815 1435 858 1471 ce-

60 1492 187 1551 lebranda
200 1496 313 1549 Neronis
323 1496 449 1549 memoria
465 1495 616 1567 agitavisse,
631 1511 678 1564 sps
688 1492 800 1566 vulgum
811 1491 858 1546 ad-

60 1571 178 1627 liciendi.
210 1570 244 1624 Et
254 1568 335 1633 luere,
347 1571 395 1641 qui
406 1571 537 1642 imagines
547 1570 658 1624 Neronis
668 1578 855 1640 proponerent:

60 1656 140 1719 atque
154 1645 235 1701 etiam
250 1644 345 1699 Othoni
361 1645 523 1716 quibusdam
539 1644 633 1699 diebus
646 1645 762 1716 populus
771 1654 797 1699 et
806 1645 858 1698 mi-

60 1721 107 1787 les,
123 1730 263 1792 umquam
278 1720 440 1776 nobilitatem
451 1737 481 1774 ac
490 1719 571 1775 decus
583 1720 757 1785 adstruerent,
769 1737 856 1774 aaroni

59 1814 145 1853 oraora
165 1796 333 1850 adclamavit.
373 1795 432 1866 lpse
450 1796 478 1848 in
496 1812 626 1867 suspenso
639 1798 735 1859 tenuit,
751 1795 856 1851 vetandi

60 1882 143 1936 metu,
155 1870 198 1926 vel
209 1870 385 1944 adgnoscendi
399 1870 507 1941 pudore.

112 1949 157 2002 79.
170 1946 314 2001 Conversis
324 1945 356 2000 ad
367 1945 444 2000 civile
454 1945 553 2000 bellum
565 1946 672 2010 animis,
683 1954 790 2001 externa
799 1945 857 1998 sine

61 2039 123 2077 cura
134 2021 310 2077 habebantur.
350 2021 388 2076 Eo
398 2019 538 2075 audentius
549 2021 704 2085 Rhoxolani,
714 2020 856 2075 Sarmatica

60 2114 135 2171 gens,
157 2098 246 2168 priore
260 2095 347 2149 hieme
361 2096 445 2149 caesis
458 2095 563 2150 duabus
579 2095 740 2160 cohortibus,
761 2110 856 2165 magna

61 2190 107 2244 sps
125 2172 160 2227 ad
174 2171 303 2227 Moesiam
318 2171 486 2242 inruperant:
508 2188 602 2225 novem
621 2169 703 2225 millia
724 2170 855 2240 equitum,

60 2246 187 2303 ferociora
201 2262 327 2301 successu
343 2253 368 2299 et
384 2245 494 2316 praedae
509 2247 593 2318 rnagis
603 2262 685 2316 quam
701 2259 805 2315 pugnae
816 2243 858 2296 in-

60 2329 139 2378 tenta.
172 2322 257 2394 Igitur
267 2337 348 2393 vagos
360 2328 385 2374 et
395 2320 541 2374 incuriosos
552 2321 626 2374 tertia
638 2318 714 2390 legio,
726 2317 858 2372 adiunctis

60 2397 180 2461 auxiliis,
192 2402 300 2467 repente
308 2396 415 2450 invasit.
435 2394 651 2465 Apudllomanos
659 2394 748 2447 omnia
759 2391 858 2464 proelio

60 2482 135 2544 apta:
156 2470 299 2536 Sarmatae,
316 2469 431 2544 dispersi
443 2469 571 2546 cupidine
580 2467 709 2546 praedae,
717 2478 768 2526 aut
774 2484 877 2544 assues

52 2562 131 2598 onere
141 2547 320 2633 εειᾳίᾳενυω,
338 2557 366 2606 et
380 2548 489 2610 lubrico
504 2553 644 2611 itinerum
658 2549 795 2623 adempta
806 2558 899 2614 eque·

36 2630 100 2669 'ffl''
114 2628 288 2691 Ρθῑῡὶθῑῑθῖθ,
310 2625 391 2687 velut
406 2632 502 2693 vincti
524 2630 738 2693 caedebantur.
774 2626 923 2690 herradml
