1950 3016
133 192 183 247 3³2
362 196 412 245 Du
430 196 684 246 oaasontuus

133 318 166 359 ex
175 299 368 356 sordidissimis
376 299 506 364 artificiis,
515 299 640 357 discatur.
652 299 725 373 Ergo
732 297 804 355 hane
811 300 926 370 primam

132 384 158 431 et
166 377 336 447 praecipueut
345 392 468 431 caussam
478 375 597 440 arbitror,
614 392 662 431 eur
674 375 702 430 in
715 382 819 431 tantum
830 375 866 431 ab
874 375 927 433 elo·

132 452 239 522 quentia
250 451 420 522 antiquorum
429 458 562 507 oratorum
574 452 773 507 recesserimus.
808 448 838 505 st
851 459 926 507 testes

132 526 330 583 desiderentur:
359 543 428 598 quos
447 526 560 596 potiores
578 526 732 590 nominabo,
753 542 838 597 quam
858 525 927 598 epud

132 600 469 658 Grasmsuemosrhanem‘t
486 618 568 673 quem
578 600 806 657 studiosissimum
812 600 927 657 Platonis

133 678 279 732 auditorem
296 675 389 741 luisse,
410 675 696 748 memorieeproditum
706 684 754 731 eat.
793 676 829 731 Et
838 675 927 733 Cicero

131 752 186 817 his,
198 753 339 823 utopinar,
351 751 450 816 verbis,
462 751 594 825 quidquid
605 753 632 805 in
644 751 793 823 eloquentie
803 751 926 817 edocear,

131 829 177 891 ait,
193 845 223 883 se
237 845 289 883 non
305 826 450 892 rhetorum,
466 827 513 882 sed
526 826 683 883 Academiae
697 827 791 897 spatiis
801 844 927 883 consecu-

131 911 200 958 tum·
239 901 308 956 Sunt
320 901 386 957 eliee
400 919 519 967 caussae,
539 919 651 975 magnae
663 910 689 957 et
702 918 809 975 graves,
830 919 927 974 queso

131 979 208 1033 vobis
227 978 325 1048 aperiri
344 992 461 1048 aequum
480 985 529 1042 est,
550 975 798 1049 quoniamquidem
811 994 862 1051 ego
874 979 926 1033 iam

132 1069 223 1107 meum
237 1069 338 1107 munus
352 1051 468 1123 expleri,
487 1059 521 1117 et,
538 1053 610 1124 qued
619 1052 688 1108 mihi
697 1053 726 1107 in
736 1053 926 1109 consuetudine

131 1136 180 1192 est,
200 1128 265 1183 setis
285 1126 383 1183 multos
401 1126 511 1183 offendi:
532 1129 581 1199 qui
597 1128 622 1183 si
637 1126 702 1185 torte
714 1127 781 1183 haee
794 1127 925 1193 audirent,

130 1211 232 1257 certum
248 1202 466 1266 haheodicturos,
487 1219 539 1267 me,
553 1202 619 1257 dam
629 1204 697 1259 iuris
710 1209 735 1257 et
743 1202 926 1275 philosophiae

131 1279 279 1343 scientiam,
300 1286 437 1350 tamquam
448 1278 739 1344 orsorinemssariam,
759 1277 852 1344 leudo,
871 1280 926 1337 tse-

130 1356 193 1428 puis
203 1354 271 1411 meis
281 1352 421 1425 plausisse.

185 1433 227 1485 33.
247 1429 282 1485 Et
293 1429 437 1493 Maternus,
453 1428 520 1485 Mihi
530 1427 650 1500 quidem,
661 1427 760 1499 inquit,
772 1436 925 1501 eusoeptunr

130 1521 146 1559 a
159 1511 185 1560 te
194 1523 294 1561 munus
306 1505 372 1561 adeo
384 1504 519 1579 peregisse
532 1503 652 1560 nondum
667 1501 778 1569 rideris,
792 1511 824 1561 ut
836 1504 925 1561 incho-

130 1597 190 1636 asse
203 1589 316 1645 mutum,
331 1588 357 1637 et
366 1579 439 1635 velut
453 1580 564 1653 vestigia
585 1596 616 1634 aa
628 1578 787 1635 lineamenta
795 1579 925 1652 quaedem

129 1656 285 1721 ostendisse,
298 1655 422 1711 videaris.
452 1655 530 1719 Nem,
541 1655 643 1726 quihus
654 1654 752 1710 instrui
761 1664 864 1711 veteres
870 1673 926 1713 ore·

129 1739 199 1788 tores
208 1730 278 1789 soliti
288 1731 352 1795 sint,
358 1729 694 1801 dixisti,diderentiamquo
703 1729 927 1789 nostrmdesidiss

130 1815 156 1863 at
165 1806 318 1862 inscientiae
328 1805 456 1862 adversus
467 1806 595 1862 acerrima
605 1814 631 1861 et
639 1804 926 1863 fecundissimeerrum

130 1880 218 1937 stadia
232 1881 431 1937 demonstrasti:
452 1889 536 1937 cetera
551 1888 684 1952 exspecto,
698 1887 738 1946 ut,
752 1882 926 1953 quemadmo-

130 1956 196 2013 dum
210 1973 244 2013 ex
257 1965 282 2013 te
296 1956 389 2021 didici,
402 1956 468 2028 qnid
478 1964 524 2012 aut
532 1957 573 2013 illi
583 1957 699 2022 scierint,
710 1963 757 2011 aut
765 1974 815 2013 nos
825 1958 927 2013 nescis·

130 2051 202 2097 mus,
219 2034 254 2088 ita
268 2031 319 2087 hoc
328 2048 436 2103 quaque
445 2049 611 2105 cognoscam,
621 2031 723 2104 quibus
733 2033 926 2090 exercitationi·

129 2107 182 2163 bus
192 2108 313 2172 iuvenes,
325 2107 379 2163 iam
389 2105 476 2162 lorum
486 2107 644 2179 ingressuri,
655 2107 813 2163 confirmare
823 2117 850 2164 at
859 2107 926 2165 alere

129 2184 237 2256 ingenie
253 2200 302 2238 sua
316 2181 386 2239 soliti
400 2184 462 2237 sint.
501 2183 595 2254 Neque
610 2183 682 2238 enim
697 2191 753 2239 arte
766 2190 792 2237 et
806 2184 923 2250 scientia,

129 2259 177 2314 sed
195 2258 272 2332 longe
286 2258 372 2330 magis
389 2256 511 2314 facultate
525 2257 703 2330 elequentiam
717 2259 864 2326 contineri,
880 2277 926 2317 neo

129 2342 169 2400 tu,
181 2343 254 2405 puto,
266 2333 376 2397 abnues,
387 2341 413 2389 et
422 2332 451 2389 hi
461 2333 611 2405 significare
621 2332 699 2390 vultu
712 2334 849 2391 videntur.

185 2408 294 2472 Deinde,
317 2425 379 2465 curn
395 2407 465 2480 siper
478 2424 587 2480 quoque
600 2417 625 2464 et
648 2407 789 2465 Secundus
798 2410 873 2467 idem
882 2410 926 2467 sd-

130 2485 262 2549 nuissent,
280 2484 401 2549 Messala,
418 2483 497 2555 quasi
513 2501 608 2539 rursus
622 2484 767 2556 incipiens:
794 2483 925 2552 Quoniam

119 2559 201 2619 initiat
213 2568 239 2618 et
251 2560 358 2620 semina
373 2559 470 2619 veleris
484 2557 649 2635 eloquentiae
657 2561 721 2617 setis
731 2559 926 2619 demonstrasse

110 2637 215 2708 videor,
233 2640 360 2704 docendo
373 2641 482 2720 quibus
496 2639 605 2699 artibus
619 2635 728 2707 antiqui
736 2637 933 2717 ‹sestertiummi-=

92 2715 141 2773 rai
149 2719 327 2801 erudirique
340 2722 422 2789 soliti
444 2724 522 2787 sint:
545 2729 703 2798 penseques
717 2711 954 2767 ww
