1950 3016
99 174 150 229 ³⁰⁶
336 174 387 223 DE
406 171 663 223 ottusotttutts

98 280 212 337 salutem
224 275 446 349 periclitantibus,
452 276 554 331 invidis
563 272 791 331 ruostinimieis
799 281 903 335 mettim

98 364 125 411 et
138 364 264 407 terrorem
280 351 350 407 ultro
362 350 441 417 ieras,
461 352 520 422 ipse
533 367 647 405 securus
661 357 688 405 et
702 346 903 421 velutquadam

98 436 226 501 perpetua
244 428 360 499 potentia
379 444 411 481 ac
429 434 555 497 potestate
573 422 715 479 munitus?
732 423 813 479 cuius
823 426 867 479 vis
878 433 905 481 ot

99 504 210 567 utilitas,
222 503 303 559 rebus
312 519 439 574 prospero
446 499 602 563 liuentibus,
609 498 725 555 aliorum
734 499 871 570 praesidio
879 508 906 555 et

99 578 180 633 tutela
195 578 367 650 intelligitur:
387 577 431 631 sin
445 576 585 647 proprium
595 573 748 645 periculum
758 574 903 647 increpuit.

99 672 152 709 non
173 653 285 709 llercule
303 652 383 709 lorica
396 661 443 706 aut
455 650 563 724 gladius
577 650 606 705 in
620 650 677 705 acio
690 648 798 705 firmius
812 651 906 706 muni-

98 737 232 788 mentum.
246 746 329 800 quam
342 745 387 783 reo
397 736 423 781 et
431 725 589 798 periclitanti
599 723 762 796 eloquentia,
773 726 906 797 praesidi·

98 821 146 861 um
161 801 244 858 simul
259 813 284 858 et
294 802 387 868 telum,
399 820 455 874 quo
463 817 632 874 propugnare
640 800 739 871 pariter
751 810 779 857 et
787 801 906 861 insessa-

98 897 137 941 το,
149 880 208 932 sive
218 880 246 933 in
257 878 365 943 iudicio,
377 878 473 932 sivein
483 884 588 941 senatu,
601 876 661 931 sive
669 874 743 947 apud
752 877 905 949 principem

98 955 196 1025 possis.
237 952 310 1018 Quid
332 951 406 1007 aliud
429 949 535 1007 infestis
556 950 679 1023 patribus
698 968 786 1022 nuper
803 952 905 1023 Eprius

98 1026 338 1098 Marcellus,quam
350 1026 529 1098 eloquentiam
538 1024 778 1097 suam,opposuit‘l
795 1044 906 1099 queau-

98 1105 202 1157 cinctus
212 1118 243 1156 ac
253 1103 355 1166 minax,
370 1102 498 1157 disertam
507 1102 629 1173 quidem,
643 1101 691 1157 ssd
704 1102 904 1161 inexercitatam

98 1184 125 1233 et
142 1177 274 1237 eiusmodi
293 1178 470 1231 certaminum
489 1176 595 1240 rudent,
615 1175 731 1231 llelvidii
743 1178 904 1249 sapientiam

99 1250 188 1307 elusit.
228 1252 308 1309 Plura
322 1252 356 1307 de
369 1251 482 1307 utilitate
495 1269 548 1306 non
563 1250 632 1315 dion,
652 1251 696 1305 cui
710 1253 781 1324 parti
791 1254 904 1311 minime

98 1326 324 1387 contradicturum
334 1328 484 1383 Maternum
494 1344 586 1383 meum
595 1327 717 1382 arbitror.

155 1407 180 1459 6.
195 1403 236 1457 td
248 1403 409 1474 voluptatem
418 1404 546 1457 oratoriae
555 1401 723 1473 eloquentiae
731 1409 850 1469 transeo,
859 1421 904 1459 cu·

99 1480 144 1535 ius
159 1478 311 1535 iucunditas
323 1495 378 1535 non
388 1494 443 1533 uno
452 1477 544 1548 aliquo
554 1485 697 1542 momento,
719 1477 902 1539 rodomnihus

98 1571 182 1627 prope
201 1553 297 1607 diebus
312 1562 337 1607 et
351 1570 434 1624 prope
447 1552 575 1607 omuibus
589 1552 663 1609 horis
673 1552 794 1627 contigit.
835 1552 903 1623 Quid

98 1631 173 1684 enim
187 1628 296 1685 dulcius
311 1627 394 1683 libem
408 1637 433 1683 et
445 1628 563 1701 ingenuo
576 1628 666 1683 animo
676 1636 702 1683 et
711 1628 745 1687 atl
757 1627 902 1701 voluptates

98 1704 224 1759 honestas
235 1713 305 1768 uam,
314 1721 398 1775 quam
408 1702 499 1757 vidore
507 1702 616 1774 plenam
626 1720 732 1774 semper
742 1712 770 1759 et
778 1703 903 1776 irequen-

98 1786 153 1837 lum
162 1778 274 1833 donmm
287 1796 366 1833 suam
380 1795 514 1837 concursu
523 1777 807 1849 splendidissimorum
818 1778 903 1837 homi-

98 1851 185 1909 nnm‘l
204 1853 286 1922 idque
299 1853 369 1907 scire
383 1871 436 1911 non
451 1854 589 1924 pecuniae,
611 1871 664 1909 uon
677 1854 795 1921 orbitati,
817 1870 903 1927 noque

97 1926 179 1985 cilicii
190 1926 305 1983 alicuius
315 1928 605 1993 administrationum
614 1929 667 1984 sibi
678 1928 742 1999 ipsi,
748 1929 827 1987 dari‘l
845 1929 902 1989 illos

98 2003 252 2076 quinimmo
270 2003 350 2058 orbos
370 2011 395 2058 st
414 2003 557 2074 locupletes
572 2012 598 2058 et
611 2012 730 2075 potemes
741 2006 836 2061 venua
848 2005 903 2077 pls-

98 2096 215 2149 rumque
224 2077 259 2133 ad
268 2080 394 2133 iuvenem
409 2086 434 2132 et
444 2096 599 2149 pauperem,
614 2087 768 2145 utentem,
780 2088 828 2137 aut
838 2079 902 2135 ami-

99 2171 192 2209 oorum
205 2153 361 2208 discrimina
377 2154 572 2209 commendent.
612 2152 706 2211 Ullane
723 2162 795 2211 taum
810 2157 902 2229 ingen·

99 2230 168 2285 tium
177 2245 260 2298 opum
271 2246 302 2283 ac
311 2246 424 2301 magnae
433 2228 609 2299 potentiaovol
614 2238 700 2300 uptus,
708 2247 792 2301 quam
802 2240 904 2302 specta-

99 2321 128 2359 re
143 2304 265 2357 homines
281 2311 382 2359 veteres
396 2311 421 2358 et
435 2321 512 2359 senes
526 2311 552 2359 el
565 2304 645 2360 totius
656 2304 733 2361 urbis
742 2307 830 2378 gratia
839 2306 902 2362 aub-

99 2378 188 2440 nixos,
199 2379 227 2433 in
237 2395 345 2439 summa
353 2379 477 2434 omnium
486 2395 577 2435 rerum
588 2379 761 2444 abundantia,
777 2381 903 2437 conliteu·

99 2461 149 2516 tes,
170 2452 199 2511 id
213 2453 287 2524 quod
299 2455 432 2525 optimum
446 2455 491 2519 sit,
512 2471 541 2511 so
554 2471 608 2510 nou
621 2453 737 2511 haltere?
759 2456 817 2515 latu
832 2473 900 2522 voro.

99 2528 147 2599 qui
164 2535 312 2601 togatorum
325 2530 467 2584 comitatus
481 2537 506 2583 ot
516 2530 654 2601 egressusl
675 2547 746 2601 quas
757 2532 787 2586 in
797 2532 902 2603 publio

84 2604 213 2674 speciosi
242 2624 317 2682 quaa
336 2607 368 2665 in
386 2605 498 2665 iudiciis
512 2605 664 2663 uenerunt
690 2605 768 2674 quod
775 2608 902 2677 gaudium

72 2687 273 2759 consurgendi
284 2688 503 2771 adsistendique
511 2686 582 2745 inter
592 2679 919 2743 lustumt'wumw
