1950 3016
72 186 93 224 r.
105 187 129 224 a.
142 168 191 242 ro.)
278 177 355 223 arn.
374 177 394 224 r.
415 178 505 224 cnr.
527 178 648 224 ar-ac
836 173 868 227 tt

119 281 164 332 et.
186 277 375 350 Flagrantibus
393 277 448 332 iam
462 277 579 333 militum
595 279 693 334 animis
707 279 781 335 velut
798 279 868 336 iaces

68 351 204 407 addiderat
221 353 343 406 Maevius
357 352 472 416 Pudens,
494 369 509 406 e
523 355 652 423 proximis
668 354 802 427 Tigellini.
842 357 868 409 Is

69 426 277 481 mobilissimum
298 442 435 498 quemque
453 429 632 500 ingeminant
650 431 778 499 pecuniae
796 429 869 484 indi·

66 519 141 574 gum,
154 510 181 555 et
190 502 218 555 in
230 518 313 555 novas
322 501 478 572 cupiditates
488 504 659 573 praecipitem
670 504 825 569 adliciendo,
837 521 868 560 eo

67 575 205 646 paullatim
216 592 376 649 progressus
385 585 433 640 est,
443 584 473 630 ut
481 593 529 647 per
539 578 656 647 speciem
667 579 868 650 convivii‚quo-

67 652 132 704 tiens
143 650 230 705 Galba
241 650 314 722 apud
324 649 454 705 Othonem
464 651 624 721 epularetur,
631 651 731 706 cohorti
741 653 867 708 excubias

66 726 152 798 agenti
165 726 268 779 viritim
279 732 401 780 centenos
410 743 536 779 nummos
546 726 690 780 diuideret?
701 744 784 798 quam
796 728 868 782 velut

67 799 203 870 publicam
215 799 381 873 larff'tionern
391 798 460 854 Otho
469 801 655 856 secretioribus
665 802 736 872 apud
745 801 867 876 singulos

66 876 194 946 praemiis
204 873 369 942 intendebat3
390 875 454 929 adeo
464 875 602 929 animosus
610 886 757 947 corruptor,
770 877 868 932 utCoo-

65 952 119 1004 ceio
140 949 253 1005 Proculo
273 947 440 1020 speculatori,
461 947 494 1001 de
508 958 581 1019 parto
596 950 691 1004 linium
704 968 767 1005 cum
778 953 867 1006 ricino

65 1025 223 1098 ambigenti,
240 1025 398 1078 universnm
414 1024 494 1078 vicini
510 1040 614 1096 agrum,
626 1042 675 1078 sno
688 1028 800 1095 pecunia
810 1043 868 1080 em-

66 1109 153 1170 ptum,
175 1099 244 1153 dono
262 1098 376 1153 dederit:
402 1114 449 1169 per
468 1097 615 1153 socordiam
635 1099 769 1169 praelecti,
784 1118 866 1173 quem

66 1184 125 1230 nota
136 1175 236 1244 pariter
246 1181 271 1227 et
279 1171 381 1228 occulta
391 1170 524 1227 fallebant.

119 1251 163 1302 25.
185 1247 236 1302 Sed
255 1256 313 1301 turn
333 1265 347 1302 e
368 1247 469 1302 libertis
485 1246 660 1303 Onomastum
675 1247 765 1303 futuro
774 1248 866 1303 sceleri

65 1322 200 1394 praefecit,
221 1339 235 1375 a
251 1339 305 1394 qno
319 1323 446 1377 Bnrhiunr
460 1321 612 1387 Proculum,
627 1326 796 1378 tesserarium
806 1340 868 1394 spe-

65 1397 225 1460 culatorum,
242 1406 267 1451 et
281 1397 432 1460 Veturium,
447 1398 580 1468 optionem
595 1398 755 1462 eorundem,
769 1398 868 1469 perdu-

66 1482 129 1536 ctos,
147 1480 289 1543 prostqrrarn
305 1473 379 1526 vario
394 1488 516 1526 sermone
529 1471 637 1525 callidos
648 1472 815 1543 audacesque
824 1489 869 1527 oo-

65 1549 167 1621 gnovit,
181 1547 264 1616 pretio
273 1554 299 1600 et
308 1547 449 1616 promissis
458 1554 558 1609 onerat,
570 1546 628 1599 data
640 1547 752 1617 pecunia
764 1547 797 1600 ad
807 1565 869 1618 per-

66 1621 204 1677 tentandos
213 1619 334 1692 plurium
345 1623 458 1676 animos.
499 1619 868 1693 Susceperoduomanipula-

65 1714 106 1751 res
117 1697 264 1768 imperium
275 1695 366 1767 populi
377 1695 454 1750 llom.
468 1695 680 1750 transferendum
690 1715 696 1758 ;
718 1705 742 1750 ot
753 1704 868 1751 transtu-

65 1771 163 1826 lerunt.
203 1771 233 1824 In
244 1773 432 1825 conscientiam
447 1769 571 1825 facinoris
584 1773 661 1840 pauci
672 1769 775 1826 adsciti.
816 1770 868 1827 Su-

64 1863 178 1919 spensos
192 1854 339 1901 ceterorum
354 1847 457 1900 animos
471 1845 586 1899 diversis
600 1845 701 1900 artibus
713 1845 864 1901 stimulant:

64 1925 196 1994 primores
213 1921 342 1983 militum,
359 1937 406 1992 per
420 1919 546 1974 berrelrcia
561 1921 719 1992 Nymphidii
733 1929 762 1974 ut
772 1938 868 1992 suspe-

64 2007 134 2052 ctos:
152 1994 253 2069 vulgus
264 2004 288 2049 et
298 2003 406 2057 ceteros,
414 1995 452 2050 ira
463 2003 488 2048 et
496 1995 678 2064 desperatione
686 1994 760 2049 dilati
773 1998 866 2050 totiens

64 2072 193 2128 donativi.
223 2071 312 2134 Erant,
325 2087 393 2141 quos
403 2071 530 2124 memoria
542 2070 654 2124 Neronis
664 2086 694 2123 ac
703 2069 866 2124 desiderium

64 2148 162 2218 prioris
175 2145 294 2198 licentiae
308 2143 468 2198 accenderet.
499 2144 528 2198 ln
539 2161 681 2198 commune
690 2161 783 2200 omnes
793 2151 866 2198 metu

64 2219 208 2275 mutandae
218 2219 328 2272 militiae
338 2219 512 2273 terrebantur.

119 2298 163 2348 26.
186 2293 277 2347 iniecit
287 2309 316 2346 ea
326 2293 398 2347 tabes
408 2293 543 2366 legionum
554 2311 663 2366 quoqne
673 2301 698 2347 et
705 2291 867 2346 auxiliorum

66 2378 150 2424 nrotas
170 2369 223 2422 iarn
244 2376 355 2432 mentes,
377 2379 519 2440 postquam
534 2369 673 2444 vulgatum
694 2374 758 2430 erat,
779 2365 868 2421 labare

65 2444 218 2500 Germanici
230 2443 362 2497 exercitus
372 2443 461 2498 fidem.
494 2444 620 2516 Adeoque
629 2450 717 2514 parata
728 2442 800 2512 apud
810 2461 868 2495 ma-

65 2520 105 2574 los
124 2518 230 2580 seditio,
252 2518 331 2571 etiam
351 2518 422 2588 apud
440 2521 556 2592 integros
570 2515 748 2573 dissimulatio
764 2515 822 2581 luit,
838 2524 868 2570 ut

64 2603 171 2667 postmo
185 2592 283 2646 iduum
298 2591 341 2646 die
355 2593 509 2648 redeuntem
521 2611 536 2647 a
546 2609 625 2648 coena
636 2588 766 2646 Othonem
777 2600 868 2662 raptu-

65 2671 88 2724 ri
103 2668 213 2730 iuerint,
226 2668 284 2799 plici
297 2670 397 2723 incerta
411 2669 505 2734 noctis,
520 2676 545 2723 et
555 2676 606 2724 tota
617 2666 874 2740 urhesparsam'xi'x-

103 2744 210 2799 Tacrrrs
252 2782 259 2796 .
648 2744 677 2807 h
