1950 3016
107 184 138 237 ts
346 188 667 238 memoriaenon
765 178 897 255 (nasu.

105 290 206 345 mirum
224 288 307 357 diotu,
327 300 358 347 ut
374 292 409 349 sit
426 293 515 348 omnis
529 290 709 347 Sannatsmm
726 290 813 347 virtus
828 288 903 346 reiut

105 374 177 421 extre
187 366 269 437 ipsos.
281 367 354 422 Nihil
365 368 399 423 ad
408 369 554 440 pedestrem
565 384 683 440 pugnem
694 374 747 420 tem
755 367 897 440 ignarum:

105 442 152 495 ubi
162 456 209 512 per
219 450 320 497 turmas
330 443 468 507 advenere,
479 445 527 499 vix
539 442 591 497 uiia
601 444 670 497 acies
679 442 818 497 obstiterit.
848 438 900 495 Sed

107 524 163 570 tum
179 515 290 573 humido
303 519 346 572 die
358 527 384 573 et
398 518 483 573 soiuto
496 517 559 590 geiu
572 534 657 589 neque
666 518 736 571 nanti
746 532 834 588 neque
843 516 900 590 gls-
923 572 926 577 ,

106 590 154 655 dii,
174 608 243 662 quos
256 593 411 671 praelongos
426 601 538 664 utreque
550 610 632 647 manu
642 600 746 665 regunt,
767 592 841 655 usui,
862 590 901 645 ie·

106 666 246 736 psentibus
259 669 337 739 equis
351 675 376 721 et
388 667 612 738 catapirraatsrum
622 667 746 739 pondere.
786 666 815 720 id
826 667 900 737 prin-

106 741 211 811 cipibus
226 749 251 795 et
265 742 431 796 nobilissimo
444 743 544 813 cuique
554 743 678 815 tegimen,
690 740 781 796 ferreis
792 740 899 795 inminis

106 824 152 869 aut
164 815 293 886 praeduro
302 817 372 870 norin
381 824 545 885 oonsertum;
566 825 596 871 ut
608 816 736 871 adversus
745 817 814 869 ictus
824 817 900 886 inpe-

106 888 242 954 netrabile,
257 892 292 944 ita
304 891 393 961 inpetu
406 892 522 947 hostium
533 891 679 963 provolutis
689 888 806 945 inhabile
815 890 848 945 ed
858 907 899 944 re-

106 963 280 1037 surgendum.
313 963 398 1020 Simu!
410 965 549 1022 altitudine
556 974 583 1021 et
593 966 701 1027 mollitia
712 966 784 1019 nivis
793 964 900 1019 hurrie-

106 1039 211 1093 bantur.
245 1039 379 1096 Romanus
390 1042 467 1096 miies
478 1040 548 1097 incili
557 1040 637 1096 ierim
648 1039 780 1096 etmissiii
789 1039 845 1111 pilo
855 1045 900 1094 eut

107 1113 204 1168 lenosis
212 1114 411 1180 adsultans,ubi
422 1134 464 1171 res
474 1130 600 1188 posoeret,
611 1115 661 1172 tevi
671 1115 760 1189 gladio
769 1115 898 1170 inermem

106 1186 250 1242 Sarmatam
261 1190 358 1262 (neque
368 1193 439 1245 enim
449 1191 554 1246 defendi
564 1199 639 1246 scuto
649 1208 705 1246 mus
715 1189 763 1261 est)
776 1191 898 1244 eominus

106 1262 232 1319 fodiebat:
253 1264 336 1320 donee
349 1267 436 1336 pauci,
452 1268 498 1339 qui
509 1265 608 1337 proelio
617 1266 810 1337 superfuerant,
822 1265 900 1337 palu·

106 1337 186 1392 dibus
196 1339 362 1396 abderentur.
402 1342 441 1396 ibi
454 1342 562 1395 saevitia
576 1340 672 1395 hiemis
683 1348 709 1394 et
718 1342 745 1395 vi
756 1339 899 1394 vulnerum

106 1413 250 1486 absumpti.
291 1416 432 1487 Postquam
448 1416 476 1470 id
487 1416 583 1470 Itomae
592 1423 767 1486 oompertum,
780 1415 816 1469 tt.
829 1414 901 1485 Apo-

106 1490 179 1554 nius,
200 1492 324 1545 Moesiam
343 1491 475 1556 obtinens,
496 1489 650 1560 triumphali
670 1498 764 1549 statur,
785 1488 900 1543 Fuivirrs

106 1563 231 1620 Aurelius
245 1575 270 1620 st
284 1566 403 1620 iuiianus
413 1567 499 1620 Titius
514 1583 545 1619 ne
553 1565 694 1619 Numisius
707 1565 809 1635 Lupus,
819 1563 900 1637 iegati

107 1639 256 1712 legionum,
277 1638 462 1695 oonsninribus
483 1641 644 1695 omamentis
664 1639 808 1693 donantur:
832 1638 901 1692 laete

107 1714 209 1769 Othone
217 1726 243 1768 et
251 1713 361 1786 giorinm
372 1716 401 1768 in
410 1732 439 1769 se
448 1714 575 1779 trahente,
585 1723 722 1803 tamquam
733 1714 825 1784 etipse
835 1712 900 1768 iaiix

106 1789 185 1852 bello,
206 1797 231 1842 et
243 1790 302 1843 suis
315 1789 430 1844 ducibus
443 1791 556 1863 suisque
572 1789 730 1844 exercitibus
751 1804 836 1860 remp.
852 1804 901 1843 au·

106 1864 198 1919 xisset.

161 1941 203 1991 80.
223 1937 308 1992 Parvo
316 1938 422 1992 interim
432 1937 517 2003 initio,
529 1937 600 1993 unda
609 1936 676 1992 nihii
688 1937 900 2003 timebamus

107 2012 201 2069 seditio
220 2029 300 2083 prope
318 2012 379 2066 urbi
399 2012 501 2067 excidio
515 2012 573 2068 tuit.
613 2012 757 2084 Septimam
769 2012 899 2068 ‹lecimsm

107 2089 239 2145 cohortem
249 2104 264 2140 e
273 2085 493 2142 coloniaOstiensi
505 2089 531 2142 ia
542 2087 635 2142 urbem
647 2088 725 2142 aoniri
735 2086 805 2142 Otho
814 2089 901 2143 iusse-

107 2173 160 2219 rat:
190 2161 331 2216 armandae
349 2163 408 2216 eius
425 2179 488 2217 cura
508 2163 586 2217 Vario
604 2162 739 2233 Crispino,
761 2163 902 2219 tribunos

108 2238 288 2311 praetorianis,
302 2234 371 2291 dats.
411 2238 446 2302 is,
463 2255 518 2310 quo
531 2239 617 2310 magis
628 2254 738 2301 vacuus,
748 2238 848 2309 quietis
858 2254 902 2292 oe-

107 2314 179 2376 stris,
196 2312 267 2366 iussa
281 2320 478 2384 exsequeretur,
492 2312 613 2367 vehiculu
623 2313 747 2377 eohortis,
758 2312 902 2383 incipiente

88 2432 92 2439 .
107 2396 191 2450 naute,
206 2387 319 2450 onerosi,
335 2396 423 2458 aperto
438 2388 647 2451 armamentario,
661 2387 743 2441 iubet.
783 2386 900 2458 Tempus

107 2465 136 2517 in
151 2462 344 2531 suspicionem,
364 2479 458 2517 aeussa
470 2464 498 2516 in
513 2464 629 2525 crimen,
653 2461 789 2517 ndieotatio
801 2463 901 2533 quietis

108 2539 136 2591 in
148 2535 291 2592 tumultum
302 2535 414 2593 evaluit:
426 2538 515 2591 etviss
524 2538 593 2590 inter
602 2535 760 2592 temulentos
770 2553 842 2590 arma
852 2554 901 2591 ou·

82 2610 215 2671 padr'srem
223 2612 273 2664 sui
279 2628 398 2670 morae.
436 2611 911 2679 Fremiimiiee,ettribunosuentn-

5 2762 25 2802 h
68 2688 224 2752 ”mque
227 2686 404 2755 proditionis
413 2692 679 2770 arguit,tamquam
687 2684 927 2743 inmitiaasensto·
