1950 3016
217 204 425 255 nranocus.
447 206 525 256 cnr.
546 186 592 256 ass
606 207 647 255 aa.
780 184 830 257 lte

49 322 99 362 nes
108 322 210 364 ennam.
250 306 419 382 Quamquam
433 309 501 383 ipsis
516 310 617 366 artibus
626 310 695 366 inest
704 311 832 367 mdc-

49 383 79 449 io,
95 398 145 438 nec
158 384 304 456 quisquam
318 387 453 458 percipere
462 394 498 441 tot
507 386 652 441 reconditas
665 396 710 440 eut
719 397 773 441 tarn
785 402 832 442 va·

49 458 88 513 ins
103 474 146 513 res
160 467 253 531 potest,
270 460 321 514 nisi
337 468 367 516 ut
380 462 504 516 scientiae
513 462 656 526 meditatio,
668 462 830 517 meditationi

49 532 163 598 rcultas,
180 533 295 590 facultati
310 536 352 591 vis
367 537 532 609 eloquentiae
546 537 659 592 accedat.
701 538 749 591 Per
762 552 831 609 quae

49 609 188 683 onligitur,
204 611 323 665 eamdem
339 628 398 667 esse
406 613 532 667 rationem
544 621 569 667 et
579 612 751 684 percipiendi,
762 628 831 684 quae

49 682 163 749 auferas,
180 694 205 740 et
217 685 376 758 proferendi,
397 704 466 760 quae
476 689 634 759 perceperis.
674 686 737 750 Sed,
752 688 776 741 si
787 685 831 741 cui

50 758 187 815 bscnriora
203 761 267 816 haec
277 762 410 828 videntur,
422 765 500 835 isque
512 764 649 817 scientiam
663 762 696 817 ab
704 764 832 817 exercitu-

49 836 228 907 ioueseparnt,
244 835 311 892 illud
325 848 393 893 certe
406 839 542 903 concedet,
558 840 718 893 instructum
733 847 758 892 et
775 834 832 909 ple-

49 926 101 966 rum
114 910 157 966 lais
167 913 268 967 artibus
279 912 398 968 animum
410 913 486 988 longe
496 914 651 985 paratiorem
662 913 695 968 ad
704 930 832 968 eusexer·

49 988 171 1042 itationes
182 997 335 1053 venturum,
346 1006 415 1062 quae
424 990 545 1062 propriae
552 999 685 1045 oratorum
696 989 829 1047 vidntur.

91 1065 134 1118 bi.
154 1062 225 1136 Ergo
245 1063 316 1135 apud
337 1066 450 1121 maiores
469 1073 571 1121 nostros
585 1066 691 1121 iuvenis
705 1065 765 1130 ille,
780 1062 831 1137 qul

49 1154 91 1195 oro
105 1147 131 1192 et
144 1137 309 1211 eloquentiae
324 1141 479 1211 parabatur,
495 1140 606 1196 inbutus
620 1142 674 1196 iam
688 1140 831 1197 domesticu

49 1212 187 1285 lisciplina,
213 1213 324 1269 refertus
353 1214 470 1271 honestis
488 1216 600 1281 studiis,
620 1215 798 1271 deducebatur
816 1232 832 1270 a

49 1297 109 1343 utre
122 1286 163 1343 uel
174 1306 189 1343 a
199 1290 357 1362 propinquis
367 1294 400 1344 ad
410 1306 471 1345 eum
479 1300 617 1356 oratorem,
627 1292 674 1363 qui
683 1290 832 1362 principem

49 1363 183 1419 ncivitete
193 1363 280 1420 locum
289 1363 432 1420 obtinebat.
458 1366 535 1420 Hunc
544 1366 647 1431 secturi,
661 1364 733 1420 hunc
742 1382 833 1437 prose·

49 1440 96 1513 pri,
110 1438 193 1495 huius
203 1440 328 1495 omnibns
337 1439 499 1497 dictionibus
509 1443 644 1506 interesse,
655 1441 713 1495 sive
723 1442 751 1495 in
761 1441 834 1495 indr-

49 1515 96 1581 iis,
111 1516 206 1571 sivein
217 1516 399 1582 concionibus,
410 1517 590 1581 adsuescebat,
604 1518 639 1570 ita
649 1524 679 1570 ut
688 1514 833 1572 altercatio-

49 1606 85 1645 res
103 1604 211 1663 quoque
234 1592 367 1664 exciperet
386 1601 411 1648 et
424 1593 522 1666 iurgiis
537 1593 684 1657 interesset,
697 1600 780 1665 utqru
794 1592 834 1647 sic

49 1666 161 1731 linerim,
193 1684 293 1741 ugnare
304 1669 332 1723 in
343 1668 443 1740 proelio
453 1669 573 1723 disceret.
612 1668 727 1742 Magnus
737 1684 770 1723 en
783 1667 833 1722 hoc

49 1756 114 1806 rsus,
122 1684 238 1797 mallon
249 1742 573 1814 constantiae,plnrimum
585 1742 678 1797 iudicii
688 1743 832 1798 iuvenibus

49 1818 125 1871 bum
143 1819 319 1892 contingebat,
335 1820 363 1874 in
381 1818 468 1873 media
483 1818 541 1873 luce
553 1816 736 1885 studentibus,
754 1828 833 1891 atque

49 1900 105 1947 nter
119 1893 176 1965 ipsc
191 1892 355 1960 discrimina,
371 1894 419 1949 ubi
434 1911 511 1950 nemo
525 1894 626 1965 inpune
641 1895 720 1950 stulte
730 1890 833 1967 aliquid

49 1976 82 2023 ‚nt
94 1970 223 2024 contraria
237 1969 310 2034 dicit,
325 1984 380 2042 quo
393 1970 486 2025 minus
500 1978 525 2024 et
536 1970 618 2041 iudan
630 1978 738 2042 respuat
752 1977 777 2023 et
786 1968 833 2022 od-

49 2044 171 2099 'ersarius
185 2042 334 2116 exprobret,
355 2044 406 2116 ipsi
422 2044 539 2118 denique
556 2045 674 2100 advocati
689 2060 832 2116 aspernen-

49 2134 90 2173 ur.
116 2120 200 2194 lff‘tur
209 2137 271 2174 vera
281 2121 369 2174 stetim
380 2127 405 2175 et
414 2121 569 2192 inconrupta
581 2117 833 2193 eloquentiainbue-

49 2200 146 2250 auur:
179 2202 218 2260 et,
242 2210 404 2268 quamquam
428 2214 514 2251 unum
536 2202 721 2269 sequerentur,
745 2201 831 2248 tamen

49 2286 129 2325 unnes
143 2269 262 2325 eiusdem
277 2272 367 2326 aetatis
380 2279 503 2342 patronos
517 2272 545 2325 in
556 2270 681 2343 plurimis
694 2270 831 2324 etcaussis

49 2346 177 2401 uindiciis
196 2346 400 2419 cognoscebant:
430 2346 615 2419 habebantque
633 2345 721 2417 ipsius
738 2342 832 2417 populi

49 2420 282 2477 liversissimarum
297 2423 403 2476 aurium
422 2422 536 2494 cupiam,
548 2436 581 2476 ex
589 2438 642 2493 qua
654 2420 729 2476 facile
738 2419 833 2491 depre-

49 2496 191 2562 tenderent,
201 2495 268 2568 quid
276 2498 305 2551 in
316 2512 423 2569 quoquc
432 2496 474 2553 vel
484 2496 640 2568 probaretur
652 2494 694 2552 vel
708 2495 833 2569 displice-

50 2580 85 2626 et.
125 2572 162 2624 lta
186 2588 235 2624 neo
255 2579 407 2644 praeceptor
426 2570 526 2640 deerat,
543 2573 667 2647 optimus
682 2572 803 2645 quadem
816 2576 850 2619 eu

49 2644 216 2711 lectissimus,
238 2648 289 2721 qui
301 2645 402 2706 faciem
423 2648 619 2728 eloquentiae,
635 2642 876 2716 neomagum&-

49 2725 178 2775 cesam:
196 2738 252 2780 aec
266 2724 429 2789 adversarii
440 2738 472 2790 et
491 2730 606 2792 aemiuli
617 2726 700 2787 leam
710 2765 720 2792 ἱ
731 2733 801 2776 m
807 2704 900 2763 m*
