1950 3016
56 192 147 268 cro.)
222 204 607 251 nan.1ncaa.ea-rs.
786 199 820 252 ee

49 302 140 369 ididit,
162 311 287 359 mutatam
306 308 441 368 cobortes,
462 322 529 372 quoe
546 305 634 360 Ostiae
647 314 748 374 apost:
771 322 821 361 neo

49 378 83 433 lis
92 385 229 433 tantorum
238 379 384 435 criminum
396 379 605 449 probationibus.
644 380 674 434 ln
683 381 821 451 poeniten-

49 471 83 507 ιω
106 470 205 509 versus
229 470 331 519 seram,
354 454 460 509 ueniam
483 461 542 524 post
560 453 648 508 scelus
666 456 817 526 quaerebat.

48 535 196 583 ructantem
211 545 292 600 super
302 535 371 584 tanta
381 545 409 583 re
421 528 546 583 Flavium
556 528 696 594 Sabinum,
708 530 818 597 Triaria,

59 602 163 659 Vitellii
174 620 253 669 uxor,
268 603 336 658 ultra
349 603 475 657 seminam
487 602 571 668 ferox,
587 602 690 668 terruit,
706 621 740 659 ne
747 610 820 671 peri-

49 681 77 731 to
88 683 222 746 principia
232 684 330 747 [amam
343 681 492 733 clementiae
504 683 654 748 adlectant.
693 677 818 744 Sabinus,

49 760 114 823 opte
128 753 239 825 ingenio
252 753 335 817 mitis,
351 753 399 808 ubi
417 752 530 808 formido
552 752 713 817 incessisset,
735 753 820 808 lacilis

48 835 135 892 utatu,
153 834 178 880 et
191 828 219 880 in
234 827 320 882 alieno
332 827 488 883 discrimine
502 828 556 882 sibi
575 844 687 898 pavens,
700 844 735 883 ne
747 827 820 883 aelle

49 901 253 966 ssevideretur,
265 901 364 973 inpulit
373 909 503 956 ruentem.

72 979 117 1031 tl.
140 977 224 1049 igitur
234 975 367 1041 Vitellius,
378 984 451 1031 metu
462 985 487 1030 et
496 976 565 1042 odio,
577 975 649 1048 quod
658 977 817 1043 Petroniam,

49 1068 132 1107 rorem
146 1052 216 1115 eius,
227 1067 291 1107 mox
304 1051 436 1107 Dolabella
451 1052 479 1105 in
490 1052 691 1107 matrimonium
701 1055 819 1124 accepis-

49 1133 67 1190 t,
83 1133 208 1182 vocatum
223 1126 418 1197 perspicimus,
435 1131 518 1180 citata
528 1127 674 1183 Flsminiue
684 1132 742 1183 cicc
751 1131 818 1183 celc-

49 1205 121 1267 itots,
137 1205 268 1254 descrere
277 1202 463 1255 Interamnium
472 1210 550 1269 atquc
559 1205 596 1256 ibi
604 1206 715 1270 interfici
729 1203 816 1257 iussit.

49 1292 144 1348 iugum
158 1274 317 1330 interfectori
331 1276 437 1331 visum:
458 1275 486 1329 in
496 1277 590 1329 itinere
600 1293 631 1330 ac
640 1277 745 1330 taberna
757 1293 819 1347 pro

49 1358 118 1405 >tum
131 1349 209 1405 humi
219 1349 365 1421 iugulavit:
381 1367 477 1422 magna
488 1367 550 1403 cum
559 1349 661 1405 invidia
671 1351 734 1404 noui
744 1351 819 1420 prin-

49 1432 135 1495 meus,
149 1425 228 1479 cuius
242 1425 293 1479 boc
305 1426 425 1495 primum
435 1425 570 1495 specimen
581 1424 746 1479 noscebatur.
785 1424 820 1478 Et

49 1500 137 1553 laniae
158 1498 294 1553 licentiam
318 1500 468 1554 modestum
490 1515 505 1552 e
524 1500 647 1568 pmximo
665 1497 819 1568 exemplum

49 1574 154 1637 ruebat,
170 1572 276 1629 Galeria
287 1574 452 1645 imperatoris
465 1591 540 1636 uxor,
553 1590 605 1627 non
615 1573 727 1627 inmixta
738 1573 820 1627 tristi·

49 1666 86 1705 rs:
106 1656 133 1703 et
146 1649 204 1719 pari
219 1648 347 1719 probitate
360 1656 442 1703 mater
451 1646 630 1711 Vitelliorum,
640 1646 759 1712 Sextilia,
770 1666 819 1703 an·

49 1724 88 1796 {ui
109 1724 202 1777 moris.
242 1724 347 1779 Dixisse
366 1725 432 1795 quin
455 1724 533 1777 etism
554 1723 701 1793 adprimae
716 1723 818 1778 filiisui

49 1797 145 1853 ›istolas
155 1796 297 1862 terebatur,
307 1815 359 1853 ooo
371 1799 554 1853 Gmmnicum
562 1817 580 1852 u
589 1815 624 1859 se,
634 1803 679 1853 scd
692 1800 819 1853 Vitellium

49 1878 141 1927 situm
180 1873 237 1926 Nec
250 1872 313 1927 ullis
327 1881 416 1944 postea
427 1872 546 1927 lortunac
556 1872 696 1928 inlecebris
707 1884 752 1931 aut
761 1892 819 1928 am-

49 1956 78 2003 tu
90 1947 207 2003 civitatis
222 1949 251 2002 in
264 1948 394 2020 gaudium
410 1949 503 2014 evicta,
523 1948 621 2003 domus
634 1966 699 2004 auae
714 1958 818 2005 tantum

49 2039 130 2077 uersa
139 2024 234 2078 sensit.

74 2100 117 2152 65.
140 2097 296 2169 Digressum
316 2115 331 2151 a
349 2097 481 2170 Lugduno
500 2096 637 2152 Vitellium
655 2099 693 2152 n.
705 2097 819 2152 Cluvius

49 2171 107 2227 rius
121 2172 288 2243 adsequitur,
303 2173 403 2226 omissa
417 2173 557 2242 Hispania,
579 2172 705 2227 laetitiam
718 2180 745 2226 et
758 2187 820 2243 gra-

49 2246 176 2303 lationem
186 2246 264 2301 vultu
283 2246 380 2312 terens,
400 2249 490 2302 animo
509 2248 607 2302 anxius
626 2256 651 2300 et
665 2247 777 2317 petitum
790 2261 820 2298 se

49 2322 253 2377 iminationibns
266 2339 376 2395 gnarus.
416 2321 544 2387 Hilarius,
561 2322 681 2377 Caesaris
696 2319 817 2383 libertus,

49 2396 159 2459 tulerat,
171 2405 310 2466 tortosam,
326 2401 416 2452 audito
431 2399 525 2451 Vitellii
534 2405 559 2450 ct
570 2397 676 2450 Othonis
682 2399 820 2463 principa-

49 2512 57 2533 ,
70 2475 209 2538 propitum
222 2477 277 2539 ipse
288 2477 429 2540 potentiam
443 2480 468 2524 ct
479 2475 663 2538 possessionem
676 2469 820 2535 Hispanic-

49 2562 80 2598 tm
99 2554 236 2599 tentasset:
259 2564 338 2614 eoque
354 2550 541 2615 deplomatibus
560 2547 666 2601 nullum
683 2548 835 2614 principem

49 2624 227 2680 marpessas
264 2621 499 2692 interpretabatur
515 2624 661 2700 quaedam
670 2619 854 2681 exorabam-

49 2686 130 2746 teins,
147 2694 346 2752 contumeliosa
358 2700 388 2757 in
402 2701 571 2774 Vitellium,
590 2711 688 2782 etpno
699 2702 874 2776 se'tDffiW
