1950 3016
115 188 163 243 lot
347 193 670 241 n1sn0n1anuu
772 183 905 258 (anan.

111 294 200 367 legati,
216 295 419 368 provisumque,
434 312 477 362 ne,
488 296 574 352 versis
582 294 617 350 ad
625 292 704 348 civile
713 292 817 348 bellum
826 291 908 424 legg-

112 369 203 434 nibus,
220 377 292 443 terga
305 371 477 426 nudarentur.
517 372 606 425 Titum
616 372 713 425 instare
723 368 844 434 Iudaeae,

111 446 267 516 spasianum
276 445 395 501 obtinere
404 446 517 501 claustra
527 445 641 519 Aegypti
650 444 759 516 placuit.
781 442 906 498 Snffioere

111 520 269 575 videbantur
288 520 416 576 adversus
425 521 562 576 Vitellium
581 538 644 592 pars
662 520 800 591 copiarum
813 526 839 573 et
851 518 906 573 dux
948 536 950 541 ·

109 594 261 661 Mucianus,
273 604 298 650 et
307 596 462 667 Vespasiani
473 614 578 660 nomen,
591 613 621 650 ao
632 594 699 650 nibil
709 594 825 650 arduum
835 592 904 649 fatis.

110 672 152 726 Ad
161 688 254 726 omnes
264 672 395 726 exercitus
406 670 556 744 legatosque
567 671 679 742 scriptae
688 668 906 741 epistolae‚prae-

109 756 280 817 ceptumque,
286 754 314 799 ut
322 751 512 814 praetorianos,
524 749 622 800 Vitellio
631 751 750 815 infensos,
756 750 906 813 reciperara-

110 825 557 888 doemilitineproemt'oinaitnraut.

165 899 207 950 83.
228 895 368 949 Mucianus
382 913 444 950 cnm
459 896 579 967 expedita
594 913 685 959 manu,
705 893 810 950 socium
820 893 905 966 magis

110 970 226 1041 imperli,
246 987 328 1041 qnam
339 971 493 1026 ministrum
503 988 594 1044 agens,
615 988 666 1025 non
676 968 745 1025 lento
755 969 858 1033 itinera,
872 984 906 1023 no

110 1045 227 1099 cunctari
244 1045 386 1111 videretur,
408 1063 495 1118 neque
515 1056 602 1100 tamen
619 1063 773 1118 properans,
794 1042 906 1117 gliscere

110 1118 207 1174 lamam
218 1121 277 1190 ipso
286 1123 371 1191 spatio
380 1122 497 1176 sinebat:
511 1138 621 1194 gnarus,
634 1121 750 1176 modicas
761 1120 830 1173 vires
840 1119 904 1185 sibi,

109 1203 135 1248 et
149 1195 248 1248 maiora
263 1195 334 1249 credi
348 1195 381 1250 de
393 1197 557 1251 absentibus.
597 1195 648 1250 Sed
659 1197 726 1268 legio
736 1203 809 1249 sexta
819 1203 845 1248 et
854 1202 906 1248 tre-

110 1269 196 1324 decim
210 1270 409 1326 vexillariorum
426 1272 510 1326 millia
524 1273 624 1344 ingenti
638 1272 744 1344 agmine
756 1269 906 1341 sequeban-

110 1354 163 1400 tur.
202 1344 320 1400 Classem
335 1347 440 1402 ePonto
449 1347 606 1420 Byzantium
619 1346 690 1419 adigi
700 1347 827 1400 iusserat:
848 1361 906 1398 am-

109 1420 209 1493 biguus
227 1421 342 1485 consilii,
366 1440 442 1488 num,
463 1424 561 1477 omissa
580 1422 687 1485 Moesia,
709 1418 905 1494 Dyrrhachium

109 1495 197 1567 pedite
215 1506 295 1569 atque
309 1499 407 1568 equite,
428 1497 509 1552 simul
525 1497 610 1570 longis
624 1496 738 1550 navibus
754 1511 863 1550 versum
877 1495 906 1550 in

110 1571 211 1625 ltaliam
236 1589 309 1626 mare
333 1571 480 1637 clauderet,
506 1579 560 1626 tnta
584 1588 652 1642 pone
676 1579 782 1644 tergum
805 1569 905 1625 Achaia

108 1648 239 1718 Asiaque:
261 1664 329 1718 quas
343 1648 458 1700 inermes
472 1647 569 1717 exponi
583 1645 703 1710 Vitellio,
724 1646 752 1699 ni
765 1644 907 1717 praesidiis

110 1721 291 1775 firmarentur:
313 1730 392 1791 atque
411 1724 501 1792 ipsum
521 1720 657 1777 Vitellium
676 1722 705 1775 in
723 1721 823 1775 incerto
840 1719 904 1787 iore,

109 1813 191 1867 quam
202 1806 303 1866 partem
313 1795 402 1849 Italiae
411 1804 565 1868 protegeret,
578 1797 602 1851 si
611 1796 664 1851 sibi
673 1795 847 1850 Brundisium
856 1796 907 1850 Ta-

109 1880 269 1942 rentumque
292 1879 317 1925 et
340 1870 476 1926 Calabriae
498 1871 683 1944 Lucaniaeque
704 1869 780 1926 litora
802 1869 906 1926 infestis

109 1944 241 2001 classibus
250 1954 410 2017 peterentur.

164 2025 206 2076 84.
228 2023 310 2094 Igitur
320 2023 441 2087 navium,
453 2020 580 2085 militum,
591 2038 726 2076 armorum
737 2028 830 2091 paratu
840 2029 907 2076 stre-

109 2114 171 2169 pere
185 2098 345 2168 provinciae.
384 2096 436 2152 Sed
449 2096 516 2152 nibil
527 2114 611 2169 aeque
621 2096 753 2170 fatigabat,
766 2114 849 2168 quam
860 2114 907 2169 pe·

109 2174 249 2227 cuniarum
259 2174 432 2244 conquisitio:
450 2191 492 2227 eos
501 2189 554 2226 ease
564 2176 624 2227 belli
634 2176 719 2226 civilis
728 2173 906 2227 aaroosdioti·

109 2258 168 2303 tans
187 2249 337 2313 Mucianus,
357 2266 409 2303 non
424 2249 467 2302 ius
482 2256 527 2302 ant
543 2264 636 2303 verum
649 2248 678 2302 in
698 2248 904 2320 cognitionibus,

109 2324 155 2378 sed
165 2324 249 2379 solam
260 2324 471 2396 magnitudinem
480 2340 563 2393 opum
573 2323 715 2393 spectabat.
746 2323 850 2377 Passim
860 2323 908 2377 de-

109 2397 233 2454 lationes:
255 2408 280 2453 et
294 2398 518 2470 locupletissimus
532 2398 648 2469 quisque
662 2399 691 2452 in
703 2398 829 2468 praedam
843 2415 907 2453 oon-

110 2475 187 2544 repti.
226 2473 300 2540 Quae
313 2475 405 2547 gravia
419 2482 498 2545 atque
508 2472 679 2538 intoleranda,
695 2472 741 2527 sed
751 2476 908 2529 necessitato

104 2567 241 2603 armornm
261 2558 395 2617 excusata,
416 2549 496 2604 etiam
510 2547 540 2603 in
552 2564 617 2620 pace
630 2565 767 2603 mansere:
785 2550 845 2618 ipso
854 2549 907 2604 Ve-

84 2623 225 2688 spasiano,
238 2626 313 2682 inter
322 2629 402 2686 initia
413 2625 539 2703 imperii,
549 2625 586 2683 ad
594 2623 757 2682 obtinendas
761 2622 923 2689 inquixtatas

68 2689 152 2747 haud
153 2701 283 2769 perinde
292 2705 474 2767 obstinante:
489 2706 583 2767 donec
591 2691 943 2774 inaqigonuaiortunaeet
