1950 3016
122 196 171 266 tot
359 214 683 263 maronianus
779 206 913 281 (aare.

120 316 230 384 xandro,
250 318 298 390 qui
312 317 438 374 Kalendis
451 317 527 374 Iuliis
546 325 708 372 sacramento
724 317 783 371 eius
798 315 914 390 legiones

119 392 215 466 adegit.
254 393 333 466 leque
352 395 457 466 primus
474 394 639 465 principatus
658 393 715 447 dies
733 394 762 446 in
778 400 914 462 posterum

119 466 275 533 celebratus,
295 470 421 541 quamvis
439 469 563 523 Iudaicus
583 469 713 522 exercitus
732 467 765 522 V.
780 468 849 521 Non.
862 465 912 521 lul.

119 543 190 613 apud
203 543 294 615 ipsum
309 545 430 608 iurasset,
441 543 580 608 eoardore,
595 551 624 597 ut
633 560 667 597 ne
676 543 751 596 Titus
760 541 873 612 quidem
882 540 914 595 li-

119 616 173 672 lins
182 626 386 690 exspectaretur,
401 617 476 692 Syria
488 635 618 682 remeans,
630 625 655 672 et
663 616 836 672 consiliorum
846 617 914 670 inter

119 693 272 748 Mucianum
282 710 312 748 ac
321 701 422 766 patrem
433 694 552 747 nuntius.
583 693 683 748 Cuncta
694 694 785 762 inpetu
796 691 913 745 militum

118 775 184 832 acte,
197 785 248 823 non
258 777 346 839 parate
356 768 489 832 poncione,
502 784 554 822 non
563 768 712 823 coniunctis
723 766 883 838 legionibus.

173 846 215 896 80.
235 843 304 896 Dum
321 842 457 914 quaeritur
470 851 584 914 tempus,
605 842 689 907 locus
708 841 835 914 quodque
847 843 914 897 inre

119 916 164 972 tali
173 915 373 982 difficillimum,
390 919 476 988 prima
487 935 547 982 vox,
563 918 629 972 dum
638 919 727 972 animo
739 933 811 987 spes,
822 917 911 982 timor,

118 993 193 1059 ratio,
210 1008 288 1046 casus
300 991 486 1047 obversantur:
507 1010 643 1066 egressum
654 992 777 1047 cubiculo
787 992 913 1062 Vespasi-

119 1083 200 1120 anum
215 1067 293 1138 pauci
307 1066 415 1133 milites,
430 1067 507 1122 solito
521 1068 676 1123 adsistentes
687 1067 789 1132 ordine,
800 1075 830 1121 ut
841 1067 913 1141 lege·

118 1148 175 1195 tum
185 1140 334 1208 salvitaturi,
340 1148 519 1210 imperatorem
530 1143 686 1197 salutavere.
698 1143 766 1197 Tum
777 1142 855 1196 ceteri
866 1141 913 1197 ad-

118 1230 232 1282 currere,
254 1216 391 1271 Cameren
403 1225 429 1272 ct
442 1219 592 1286 arnostum,
613 1225 638 1271 et
645 1218 734 1272 omnia
746 1217 912 1288 principatus

77 1298 85 1311 ‘
119 1291 245 1347 vocabule
260 1291 405 1348 cumulare.
445 1293 520 1348 liena
534 1286 548 1347 l
560 1301 631 1347 metu
641 1293 674 1346 ad
684 1292 815 1347 fortunam
826 1301 913 1347 trans·

117 1367 191 1422 ierat.
232 1368 261 1422 ln
275 1368 334 1440 ipso
349 1367 416 1423 nihil
430 1369 575 1433 tumidum,
586 1368 726 1441 adrogans,
738 1375 783 1421 aut
792 1368 821 1421 in
831 1367 912 1423 rebus

25 1477 27 1481 -
118 1443 195 1497 novis
214 1460 313 1499 novum
333 1442 391 1498 tuit.
430 1443 464 1499 Ut
480 1442 599 1515 primum
619 1450 704 1497 tantae
718 1442 913 1497 vicissitudinis

117 1517 239 1574 obfusam
253 1518 337 1573 oculis
351 1519 492 1592 caliginem
505 1519 618 1583 disiecit,
634 1516 782 1572 militariter
796 1516 911 1583 locutus,

118 1592 183 1647 laeta
202 1595 291 1647 omnia
305 1601 331 1647 et
345 1592 485 1648 adfluentia
498 1595 609 1664 excepit.
649 1594 771 1664 Namque
783 1592 811 1646 id
820 1593 913 1663 ipsum

116 1668 257 1739 opperiens
269 1668 418 1731 Mucianus,
434 1667 546 1722 alacrem
562 1667 672 1722 militem
683 1669 711 1722 in
722 1667 801 1722 verba
812 1667 913 1738 Vespa-

117 1741 186 1795 siani
197 1741 289 1814 adegit.
314 1742 382 1795 'lum
392 1743 610 1797 Antiochensium
619 1743 750 1798 theatrum
761 1742 911 1815 ingressus,

118 1814 165 1869 ubi
174 1814 229 1869 illis
239 1814 387 1871 consultare
400 1835 457 1871 mos
468 1825 516 1882 est,
529 1825 712 1872 concurrentes
722 1825 747 1871 et
761 1818 789 1871 in
799 1817 913 1872 adulati·

116 1907 195 1945 onem
209 1888 305 1945 effusos
319 1890 484 1964 adloquitur:
504 1895 570 1947 satis
588 1892 698 1948 decorus
717 1892 797 1946 etiam
812 1892 912 1947 Graeca

118 1964 250 2031 facundia,
265 1967 451 2039 omniumque,
468 1985 537 2040 quae
551 1968 648 2022 diceret
659 1977 739 2040 atque
749 1976 845 2040 egeret,
858 1975 913 2023 arte

118 2041 233 2114 quadarn
242 2049 391 2097 ostentator.
403 2042 476 2097 Nihil
488 2061 570 2116 aeque
579 2044 744 2115 provinciam
752 2043 913 2097 exercitum-

117 2134 172 2190 que
180 2116 306 2182 nccendit,
313 2132 397 2189 quam
406 2119 479 2191 quod
488 2119 656 2174 adseverabat
665 2118 815 2180 Mucianus,
826 2127 912 2173 etate-

117 2199 167 2248 iaac
183 2194 318 2256 Vitellium,
330 2202 359 2247 ot
370 2193 538 2248 Germanicas
549 2198 658 2263 leptones
667 2199 695 2247 ta
704 2193 810 2260 Syriam
818 2197 855 2246 od
863 2196 913 2247 mt-

119 2272 202 2322 titiom
211 2271 356 2336 opulentam
365 2275 526 2338 quietamque
535 2274 701 2338 trmteserrat;
716 2272 807 2322 contra
817 2267 912 2336 Sprt'o-

119 2349 156 2398 ctr
174 2347 314 2412 aaronitae
335 2343 490 2399 Germanica
507 2347 627 2407 tiberem
649 2346 718 2397 coelo
732 2361 765 2396 nc
780 2346 913 2397 toberitvr

118 2424 194 2481 darc,
210 2427 379 2472 mutarentur.
419 2418 524 2490 Quippe
533 2427 558 2472 et
567 2417 742 2489 provinciales
754 2426 829 2473 sueto
839 2417 912 2473 mili·

118 2502 175 2547 tnm
185 2493 356 2548 contubernio
365 2494 523 2566 gaudebant,
537 2492 659 2564 plerique
668 2493 911 2548 necessitudinibus

105 2576 135 2618 er
148 2568 403 2640 propinquimtibns
421 2568 516 2638 mixti,
536 2576 563 2623 et
579 2567 712 2623 militibus
723 2575 852 2622 vetustate
864 2569 912 2622 sti-

82 2641 261 2722 pendiorum
274 2654 336 2704 nota
347 2656 375 2705 et
384 2646 530 2705 lamiliaria
538 2644 668 2701 custrain
672 2640 914 2697 medumienaiun

73 2709 289 2784 d¹l12200bantur.
