<?xml version="1.0" encoding="UTF-8"?>
<!DOCTYPE html PUBLIC "-//W3C//DTD XHTML 1.0 Transitional//EN"
    "http://www.w3.org/TR/xhtml1/DTD/xhtml1-transitional.dtd">
<html xmlns="http://www.w3.org/1999/xhtml" xml:lang="en" lang="en">
 <head>
  <title>
</title>
<meta http-equiv="Content-Type" content="text/html;charset=utf-8" />
  <meta name='ocr-system' content='tesseract 3.04.00' />
  <meta name='ocr-capabilities' content='ocr_page ocr_carea ocr_par ocr_line ocrx_word'/>
</head>
<body>
  <div class='ocr_page' id='page_1' title='image "./ccorneliitaciti00weisgoog_0061.png"; bbox 0 0 1950 3016; ppageno 0'>
   <div class='ocr_carea' id='block_1_1' title="bbox 118 187 874 262">
    <p class='ocr_par' dir='ltr' id='par_1_1' title="bbox 118 187 874 262">
     <span class='ocr_line' id='line_1_1' title="bbox 118 187 874 262; baseline -0.009 -10"><span class='ocrx_word' id='word_1_1' title='bbox 118 195 151 253; x_wconf 80' lang='lat' dir='ltr'><strong><em>te</em></strong></span> <span class='ocrx_word' id='word_1_2' title='bbox 352 198 675 247; x_wconf 79' lang='lat' dir='ltr'><strong><em>u1sn0n1anuu</em></strong></span> <span class='ocrx_word' id='word_1_3' title='bbox 779 187 874 262; x_wconf 69' lang='lat' dir='ltr'><strong><em>(nee</em></strong></span> 
     </span>
    </p>
   </div>
   <div class='ocr_carea' id='block_1_2' title="bbox 42 304 874 1125">
    <p class='ocr_par' dir='ltr' id='par_1_2' title="bbox 42 304 874 1125">
     <span class='ocr_line' id='line_1_2' title="bbox 117 304 874 369; baseline -0.005 -12"><span class='ocrx_word' id='word_1_4' title='bbox 117 306 170 357; x_wconf 87' lang='lat' dir='ltr'><strong><em>isto</em></strong></span> <span class='ocrx_word' id='word_1_5' title='bbox 182 311 207 356; x_wconf 88' lang='lat' dir='ltr'><strong><em>et</em></strong></span> <span class='ocrx_word' id='word_1_6' title='bbox 221 306 339 357; x_wconf 77' lang='lat' dir='ltr'><strong><em>inanima</em></strong></span> <span class='ocrx_word' id='word_1_7' title='bbox 347 306 501 359; x_wconf 71' lang='lat' dir='ltr'><strong><em>intercidere</em></strong></span> <span class='ocrx_word' id='word_1_8' title='bbox 509 319 542 357; x_wconf 84' lang='lat' dir='ltr'><strong><em>eo</em></strong></span> <span class='ocrx_word' id='word_1_9' title='bbox 551 305 674 369; x_wconf 82' lang='lat' dir='ltr'><strong><em>reparari</em></strong></span> <span class='ocrx_word' id='word_1_10' title='bbox 680 304 831 369; x_wconf 78' lang='lat' dir='ltr'><strong><em>promiscuo</em></strong></span> <span class='ocrx_word' id='word_1_11' title='bbox 840 317 874 354; x_wconf 74' lang='lat' dir='ltr'><strong><em>eu:</em></strong></span> 
     </span>
     <span class='ocr_line' id='line_1_3' title="bbox 117 382 873 446; baseline -0.007 -13"><span class='ocrx_word' id='word_1_12' title='bbox 117 382 742 446; x_wconf 68' lang='lat' dir='ltr'><strong><em>aotmeitoeremmetpoepeutiumelmeooum</em></strong></span> <span class='ocrx_word' id='word_1_13' title='bbox 750 384 873 429; x_wconf 80' lang='lat' dir='ltr'><strong><em>oestroen</em></strong></span> 
     </span>
     <span class='ocr_line' id='line_1_4' title="bbox 117 453 874 521; baseline -0.007 -13"><span class='ocrx_word' id='word_1_14' title='bbox 117 454 294 509; x_wconf 71' lang='lat' dir='ltr'><strong><em>incolumitate</em></strong></span> <span class='ocrx_word' id='word_1_15' title='bbox 302 461 406 509; x_wconf 79' lang='lat' dir='ltr'><strong><em>sanutus</em></strong></span> <span class='ocrx_word' id='word_1_16' title='bbox 414 456 543 521; x_wconf 69' lang='lat' dir='ltr'><strong><em>firmatur.</em></strong></span> <span class='ocrx_word' id='word_1_17' title='bbox 565 453 641 507; x_wconf 76' lang='lat' dir='ltr'><strong><em>Hune</em></strong></span> <span class='ocrx_word' id='word_1_18' title='bbox 649 455 874 520; x_wconf 77' lang='lat' dir='ltr'><strong><em>auspieotoopon</em></strong></span> 
     </span>
     <span class='ocr_line' id='line_1_5' title="bbox 117 530 874 594; baseline -0.008 -13"><span class='ocrx_word' id='word_1_19' title='bbox 117 536 142 581; x_wconf 90' lang='lat' dir='ltr'><strong><em>te</em></strong></span> <span class='ocrx_word' id='word_1_20' title='bbox 151 537 175 581; x_wconf 89' lang='lat' dir='ltr'><strong><em>et</em></strong></span> <span class='ocrx_word' id='word_1_21' title='bbox 189 532 321 583; x_wconf 79' lang='lat' dir='ltr'><strong><em>conditore</em></strong></span> <span class='ocrx_word' id='word_1_22' title='bbox 333 531 406 583; x_wconf 83' lang='lat' dir='ltr'><strong><em>urbia</em></strong></span> <span class='ocrx_word' id='word_1_23' title='bbox 415 531 718 590; x_wconf 65' lang='lat' dir='ltr'><strong><em>moestissimum</em></strong></span> <span class='ocrx_word' id='word_1_24' title='bbox 729 544 746 579; x_wconf 87' lang='lat' dir='ltr'><strong><em>a</em></strong></span> <span class='ocrx_word' id='word_1_25' title='bbox 759 530 874 594; x_wconf 66' lang='lat' dir='ltr'><strong><em>repleas:</em></strong></span> 
     </span>
     <span class='ocr_line' id='line_1_6' title="bbox 117 606 874 673; baseline -0.001 -17"><span class='ocrx_word' id='word_1_26' title='bbox 117 608 350 673; x_wconf 78' lang='lat' dir='ltr'><strong><em>quendprineipee</em></strong></span> <span class='ocrx_word' id='word_1_27' title='bbox 359 607 507 658; x_wconf 76' lang='lat' dir='ltr'><strong><em>continuum</em></strong></span> <span class='ocrx_word' id='word_1_28' title='bbox 517 611 541 655; x_wconf 89' lang='lat' dir='ltr'><strong><em>et</em></strong></span> <span class='ocrx_word' id='word_1_29' title='bbox 551 606 719 664; x_wconf 74' lang='lat' dir='ltr'><strong><em>inmortalem,</em></strong></span> <span class='ocrx_word' id='word_1_30' title='bbox 728 608 874 655; x_wconf 75' lang='lat' dir='ltr'><strong><em>montaluo</em></strong></span> 
     </span>
     <span class='ocr_line' id='line_1_7' title="bbox 117 677 874 747; baseline -0.007 -14"><span class='ocrx_word' id='word_1_31' title='bbox 117 681 671 747; x_wconf 82' lang='lat' dir='ltr'><strong><em>ribuseoeepimua,aiepoeterietrodomus.</em></strong></span> <span class='ocrx_word' id='word_1_32' title='bbox 700 677 777 737; x_wconf 88' lang='lat' dir='ltr'><strong><em>Nom,</em></strong></span> <span class='ocrx_word' id='word_1_33' title='bbox 788 685 874 729; x_wconf 72' lang='lat' dir='ltr'><strong><em>stent</em></strong></span> 
     </span>
     <span class='ocr_line' id='line_1_8' title="bbox 118 755 874 820; baseline -0.005 -11"><span class='ocrx_word' id='word_1_34' title='bbox 118 757 157 809; x_wconf 77' lang='lat' dir='ltr'><strong><em>bre</em></strong></span> <span class='ocrx_word' id='word_1_35' title='bbox 168 764 307 816; x_wconf 76' lang='lat' dir='ltr'><strong><em>senatores,</em></strong></span> <span class='ocrx_word' id='word_1_36' title='bbox 319 757 358 807; x_wconf 85' lang='lat' dir='ltr'><strong><em>ito</em></strong></span> <span class='ocrx_word' id='word_1_37' title='bbox 366 770 400 807; x_wconf 77' lang='lat' dir='ltr'><strong><em>em</em></strong></span> <span class='ocrx_word' id='word_1_38' title='bbox 409 755 572 806; x_wconf 68' lang='lat' dir='ltr'><strong><em>sementem</em></strong></span> <span class='ocrx_word' id='word_1_39' title='bbox 578 756 711 820; x_wconf 74' lang='lat' dir='ltr'><strong><em>principes</em></strong></span> <span class='ocrx_word' id='word_1_40' title='bbox 721 759 874 805; x_wconf 78' lang='lat' dir='ltr'><strong><em>emerentur.</em></strong></span> 
     </span>
     <span class='ocr_line' id='line_1_9' title="bbox 173 825 874 899; baseline -0.006 -15"><span class='ocrx_word' id='word_1_41' title='bbox 173 832 215 884; x_wconf 80' lang='lat'><strong><em>85.</em></strong></span> <span class='ocrx_word' id='word_1_42' title='bbox 236 829 273 883; x_wconf 89' lang='lat' dir='ltr'><strong><em>Ea</em></strong></span> <span class='ocrx_word' id='word_1_43' title='bbox 283 829 365 883; x_wconf 85' lang='lat' dir='ltr'><strong><em>oratio</em></strong></span> <span class='ocrx_word' id='word_1_44' title='bbox 374 826 407 881; x_wconf 89' lang='lat' dir='ltr'><strong><em>ad</em></strong></span> <span class='ocrx_word' id='word_1_45' title='bbox 415 825 630 899; x_wconf 82' lang='lat' dir='ltr'><strong><em>perstringendos</em></strong></span> <span class='ocrx_word' id='word_1_46' title='bbox 643 826 874 897; x_wconf 83' lang='lat' dir='ltr'><strong><em>mulcendosques</em></strong></span> 
     </span>
     <span class='ocr_line' id='line_1_10' title="bbox 118 901 873 974; baseline -0.004 -15"><span class='ocrx_word' id='word_1_47' title='bbox 118 904 197 960; x_wconf 79' lang='lat' dir='ltr'><strong><em>litium</em></strong></span> <span class='ocrx_word' id='word_1_48' title='bbox 206 905 320 967; x_wconf 85' lang='lat' dir='ltr'><strong><em>animos,</em></strong></span> <span class='ocrx_word' id='word_1_49' title='bbox 331 911 358 957; x_wconf 87' lang='lat' dir='ltr'><strong><em>et</em></strong></span> <span class='ocrx_word' id='word_1_50' title='bbox 366 903 513 957; x_wconf 85' lang='lat' dir='ltr'><strong><em>severitatis</em></strong></span> <span class='ocrx_word' id='word_1_51' title='bbox 523 902 619 957; x_wconf 84' lang='lat' dir='ltr'><strong><em>modus</em></strong></span> <span class='ocrx_word' id='word_1_52' title='bbox 629 901 807 974; x_wconf 84' lang='lat' dir='ltr'><strong><em>(nequeenim</em></strong></span> <span class='ocrx_word' id='word_1_53' title='bbox 818 902 873 971; x_wconf 87' lang='lat' dir='ltr'><strong><em>inp</em></strong></span> 
     </span>
     <span class='ocr_line' id='line_1_11' title="bbox 42 974 874 1050; baseline -0.006 -15"><span class='ocrx_word' id='word_1_54' title='bbox 42 974 46 983; x_wconf 83' lang='lat'>&#39;</span> <span class='ocrx_word' id='word_1_55' title='bbox 118 996 260 1050; x_wconf 62' lang='lat' dir='ltr'><strong><em>remquam</em></strong></span> <span class='ocrx_word' id='word_1_56' title='bbox 273 979 301 1033; x_wconf 87' lang='lat' dir='ltr'><strong><em>iu</em></strong></span> <span class='ocrx_word' id='word_1_57' title='bbox 310 976 387 1042; x_wconf 89' lang='lat' dir='ltr'><strong><em>duos,</em></strong></span> <span class='ocrx_word' id='word_1_58' title='bbox 398 976 573 1032; x_wconf 76' lang='lat' dir='ltr'><strong><em>animadverti</em></strong></span> <span class='ocrx_word' id='word_1_59' title='bbox 585 977 708 1050; x_wconf 69' lang='lat' dir='ltr'><strong><em>iusserat)</em></strong></span> <span class='ocrx_word' id='word_1_60' title='bbox 716 985 789 1050; x_wconf 82' lang='lat' dir='ltr'><strong><em>grate</em></strong></span> <span class='ocrx_word' id='word_1_61' title='bbox 798 993 874 1047; x_wconf 84' lang='lat' dir='ltr'><strong><em>eccep</em></strong></span> 
     </span>
     <span class='ocr_line' id='line_1_12' title="bbox 117 1052 874 1125; baseline -0.005 -15"><span class='ocrx_word' id='word_1_62' title='bbox 117 1055 311 1125; x_wconf 86' lang='lat' dir='ltr'><strong><em>oompositique</em></strong></span> <span class='ocrx_word' id='word_1_63' title='bbox 323 1052 357 1107; x_wconf 87' lang='lat' dir='ltr'><strong><em>ad</em></strong></span> <span class='ocrx_word' id='word_1_64' title='bbox 371 1069 507 1124; x_wconf 79' lang='lat' dir='ltr'><strong><em>praesens,</em></strong></span> <span class='ocrx_word' id='word_1_65' title='bbox 528 1053 577 1124; x_wconf 90' lang='lat' dir='ltr'><strong><em>qui</em></strong></span> <span class='ocrx_word' id='word_1_66' title='bbox 589 1053 702 1108; x_wconf 77' lang='lat' dir='ltr'><strong><em>coerceri</em></strong></span> <span class='ocrx_word' id='word_1_67' title='bbox 718 1070 770 1109; x_wconf 92' lang='lat' dir='ltr'><strong><em>non</em></strong></span> <span class='ocrx_word' id='word_1_68' title='bbox 785 1060 874 1123; x_wconf 89' lang='lat' dir='ltr'><strong><em>potere</em></strong></span> 
     </span>
    </p>
   </div>
   <div class='ocr_carea' id='block_1_3' title="bbox 117 1127 874 1506">
    <p class='ocr_par' dir='ltr' id='par_1_3' title="bbox 117 1127 874 1506">
     <span class='ocr_line' id='line_1_13' title="bbox 118 1127 874 1200; baseline -0.004 -15"><span class='ocrx_word' id='word_1_69' title='bbox 118 1130 178 1185; x_wconf 89' lang='lat' dir='ltr'><strong><em>Non</em></strong></span> <span class='ocrx_word' id='word_1_70' title='bbox 196 1137 285 1197; x_wconf 66' lang='lat' dir='ltr'><strong><em>umen</em></strong></span> <span class='ocrx_word' id='word_1_71' title='bbox 303 1129 381 1200; x_wconf 85' lang='lat' dir='ltr'><strong><em>quies</em></strong></span> <span class='ocrx_word' id='word_1_72' title='bbox 401 1127 461 1183; x_wconf 89' lang='lat' dir='ltr'><strong><em>urbi</em></strong></span> <span class='ocrx_word' id='word_1_73' title='bbox 476 1127 601 1183; x_wconf 87' lang='lat' dir='ltr'><strong><em>redierat:</em></strong></span> <span class='ocrx_word' id='word_1_74' title='bbox 622 1128 749 1199; x_wconf 89' lang='lat' dir='ltr'><strong><em>strepitus</em></strong></span> <span class='ocrx_word' id='word_1_75' title='bbox 763 1127 874 1182; x_wconf 90' lang='lat' dir='ltr'><strong><em>telorum</em></strong></span> 
     </span>
     <span class='ocr_line' id='line_1_14' title="bbox 117 1201 874 1267; baseline -0.003 -9"><span class='ocrx_word' id='word_1_76' title='bbox 117 1203 277 1261; x_wconf 86' lang='lat' dir='ltr'><strong><em>faoiee&#39;belli</em></strong></span> <span class='ocrx_word' id='word_1_77' title='bbox 293 1212 361 1259; x_wconf 83' lang='lat' dir='ltr'><strong><em>eret:</em></strong></span> <span class='ocrx_word' id='word_1_78' title='bbox 382 1201 524 1267; x_wconf 81' lang='lat' dir='ltr'><strong><em>militibus,</em></strong></span> <span class='ocrx_word' id='word_1_79' title='bbox 539 1212 571 1258; x_wconf 91' lang='lat' dir='ltr'><strong><em>ut</em></strong></span> <span class='ocrx_word' id='word_1_80' title='bbox 583 1203 651 1258; x_wconf 88' lang='lat' dir='ltr'><strong><em>nihil</em></strong></span> <span class='ocrx_word' id='word_1_81' title='bbox 666 1204 694 1257; x_wconf 89' lang='lat' dir='ltr'><strong><em>in</em></strong></span> <span class='ocrx_word' id='word_1_82' title='bbox 707 1209 874 1258; x_wconf 68' lang='lat' dir='ltr'><strong><em>communae</em></strong></span> 
     </span>
     <span class='ocr_line' id='line_1_15' title="bbox 117 1277 874 1351; baseline -0.005 -16"><span class='ocrx_word' id='word_1_83' title='bbox 117 1281 254 1345; x_wconf 77' lang='lat' dir='ltr'><strong><em>bentibus,</em></strong></span> <span class='ocrx_word' id='word_1_84' title='bbox 266 1280 302 1335; x_wconf 88' lang='lat' dir='ltr'><strong><em>ite</em></strong></span> <span class='ocrx_word' id='word_1_85' title='bbox 312 1279 413 1351; x_wconf 77' lang='lat' dir='ltr'><strong><em>sparsis</em></strong></span> <span class='ocrx_word' id='word_1_86' title='bbox 422 1296 469 1350; x_wconf 85' lang='lat' dir='ltr'><strong><em>per</em></strong></span> <span class='ocrx_word' id='word_1_87' title='bbox 479 1279 581 1344; x_wconf 86' lang='lat' dir='ltr'><strong><em>domos,</em></strong></span> <span class='ocrx_word' id='word_1_88' title='bbox 596 1277 698 1334; x_wconf 86' lang='lat' dir='ltr'><strong><em>occulto</em></strong></span> <span class='ocrx_word' id='word_1_89' title='bbox 708 1277 811 1342; x_wconf 84' lang='lat' dir='ltr'><strong><em>babitu,</em></strong></span> <span class='ocrx_word' id='word_1_90' title='bbox 823 1285 874 1332; x_wconf 91' lang='lat' dir='ltr'><strong><em>atn</em></strong></span> 
     </span>
     <span class='ocr_line' id='line_1_16' title="bbox 118 1353 874 1430; baseline -0.003 -20"><span class='ocrx_word' id='word_1_91' title='bbox 118 1355 190 1430; x_wconf 81' lang='lat' dir='ltr'><strong><em>ligne</em></strong></span> <span class='ocrx_word' id='word_1_92' title='bbox 200 1373 265 1412; x_wconf 84' lang='lat' dir='ltr'><strong><em>oure</em></strong></span> <span class='ocrx_word' id='word_1_93' title='bbox 276 1356 305 1411; x_wconf 90' lang='lat' dir='ltr'><strong><em>in</em></strong></span> <span class='ocrx_word' id='word_1_94' title='bbox 314 1371 417 1419; x_wconf 87' lang='lat' dir='ltr'><strong><em>omnes,</em></strong></span> <span class='ocrx_word' id='word_1_95' title='bbox 428 1372 497 1426; x_wconf 91' lang='lat' dir='ltr'><strong><em>quos</em></strong></span> <span class='ocrx_word' id='word_1_96' title='bbox 507 1354 630 1411; x_wconf 78' lang='lat' dir='ltr'><strong><em>nobilius</em></strong></span> <span class='ocrx_word' id='word_1_97' title='bbox 642 1362 688 1409; x_wconf 86' lang='lat' dir='ltr'><strong><em>eut</em></strong></span> <span class='ocrx_word' id='word_1_98' title='bbox 697 1371 761 1424; x_wconf 85' lang='lat' dir='ltr'><strong><em>opas</em></strong></span> <span class='ocrx_word' id='word_1_99' title='bbox 769 1362 816 1408; x_wconf 88' lang='lat' dir='ltr'><strong><em>eut</em></strong></span> <span class='ocrx_word' id='word_1_100' title='bbox 826 1353 874 1425; x_wconf 87' lang='lat' dir='ltr'><strong><em>aliq</em></strong></span> 
     </span>
     <span class='ocr_line' id='line_1_17' title="bbox 117 1428 874 1506; baseline -0.007 -19"><span class='ocrx_word' id='word_1_101' title='bbox 117 1432 233 1506; x_wconf 80' lang='lat' dir='ltr'><strong><em>insignis</em></strong></span> <span class='ocrx_word' id='word_1_102' title='bbox 256 1430 384 1487; x_wconf 78' lang='lat' dir='ltr'><strong><em>claritudo</em></strong></span> <span class='ocrx_word' id='word_1_103' title='bbox 406 1430 560 1486; x_wconf 84' lang='lat' dir='ltr'><strong><em>rumoribus</em></strong></span> <span class='ocrx_word' id='word_1_104' title='bbox 581 1429 721 1485; x_wconf 87' lang='lat' dir='ltr'><strong><em>obieoerat.</em></strong></span> <span class='ocrx_word' id='word_1_105' title='bbox 761 1428 874 1483; x_wconf 75' lang='lat' dir='ltr'><strong><em>Vitellius</em></strong></span> 
     </span>
    </p>
   </div>
   <div class='ocr_carea' id='block_1_4' title="bbox 72 1505 875 2797">
    <p class='ocr_par' dir='ltr' id='par_1_4' title="bbox 72 1505 875 2797">
     <span class='ocr_line' id='line_1_18' title="bbox 117 1505 874 1579; baseline -0.007 -16"><span class='ocrx_word' id='word_1_106' title='bbox 117 1524 227 1579; x_wconf 90' lang='lat' dir='ltr'><strong><em>quoque</em></strong></span> <span class='ocrx_word' id='word_1_107' title='bbox 237 1507 334 1562; x_wconf 85' lang='lat' dir='ltr'><strong><em>milites</em></strong></span> <span class='ocrx_word' id='word_1_108' title='bbox 344 1507 450 1561; x_wconf 84' lang='lat' dir='ltr'><strong><em>venisse</em></strong></span> <span class='ocrx_word' id='word_1_109' title='bbox 460 1507 489 1561; x_wconf 91' lang='lat' dir='ltr'><strong><em>in</em></strong></span> <span class='ocrx_word' id='word_1_110' title='bbox 498 1506 592 1561; x_wconf 88' lang='lat' dir='ltr'><strong><em>urbem</em></strong></span> <span class='ocrx_word' id='word_1_111' title='bbox 603 1505 636 1559; x_wconf 88' lang='lat' dir='ltr'><strong><em>sd</em></strong></span> <span class='ocrx_word' id='word_1_112' title='bbox 645 1505 733 1560; x_wconf 83' lang='lat' dir='ltr'><strong><em>studia</em></strong></span> <span class='ocrx_word' id='word_1_113' title='bbox 743 1505 874 1576; x_wconf 80' lang='lat' dir='ltr'><strong><em>partiumi</em></strong></span> 
     </span>
     <span class='ocr_line' id='line_1_19' title="bbox 118 1580 874 1654; baseline -0.005 -15"><span class='ocrx_word' id='word_1_114' title='bbox 118 1583 224 1648; x_wconf 73' lang='lat' dir='ltr'><strong><em>menda,</em></strong></span> <span class='ocrx_word' id='word_1_115' title='bbox 235 1581 357 1654; x_wconf 79' lang='lat' dir='ltr'><strong><em>plerique</em></strong></span> <span class='ocrx_word' id='word_1_116' title='bbox 367 1581 515 1636; x_wconf 86' lang='lat' dir='ltr'><strong><em>eredebant.</em></strong></span> <span class='ocrx_word' id='word_1_117' title='bbox 550 1580 625 1636; x_wconf 88' lang='lat' dir='ltr'><strong><em>Unde</em></strong></span> <span class='ocrx_word' id='word_1_118' title='bbox 636 1580 714 1652; x_wconf 84' lang='lat' dir='ltr'><strong><em>plene</em></strong></span> <span class='ocrx_word' id='word_1_119' title='bbox 724 1581 814 1635; x_wconf 84' lang='lat' dir='ltr'><strong><em>omnis</em></strong></span> <span class='ocrx_word' id='word_1_120' title='bbox 824 1598 874 1636; x_wconf 90' lang='lat' dir='ltr'><strong><em>sus</em></strong></span> 
     </span>
     <span class='ocr_line' id='line_1_20' title="bbox 118 1654 874 1723; baseline -0.007 -9"><span class='ocrx_word' id='word_1_121' title='bbox 118 1659 236 1723; x_wconf 85' lang='lat' dir='ltr'><strong><em>cinnum,</em></strong></span> <span class='ocrx_word' id='word_1_122' title='bbox 252 1664 278 1711; x_wconf 87' lang='lat' dir='ltr'><strong><em>et</em></strong></span> <span class='ocrx_word' id='word_1_123' title='bbox 293 1656 341 1711; x_wconf 84' lang='lat' dir='ltr'><strong><em>vix</em></strong></span> <span class='ocrx_word' id='word_1_124' title='bbox 353 1663 451 1710; x_wconf 85' lang='lat' dir='ltr'><strong><em>secreta</em></strong></span> <span class='ocrx_word' id='word_1_125' title='bbox 464 1656 595 1711; x_wconf 88' lang='lat' dir='ltr'><strong><em>domuum</em></strong></span> <span class='ocrx_word' id='word_1_126' title='bbox 605 1658 663 1711; x_wconf 87' lang='lat' dir='ltr'><strong><em>sine</em></strong></span> <span class='ocrx_word' id='word_1_127' title='bbox 673 1654 824 1710; x_wconf 84' lang='lat' dir='ltr'><strong><em>iormidina.</em></strong></span> <span class='ocrx_word' id='word_1_128' title='bbox 863 1654 874 1709; x_wconf 77' lang='lat' dir='ltr'><strong><em>i</em></strong></span> 
     </span>
     <span class='ocr_line' id='line_1_21' title="bbox 117 1730 874 1807; baseline -0.005 -18"><span class='ocrx_word' id='word_1_129' title='bbox 117 1733 267 1807; x_wconf 87' lang='lat' dir='ltr'><strong><em>plurimum</em></strong></span> <span class='ocrx_word' id='word_1_130' title='bbox 277 1730 458 1802; x_wconf 80' lang='lat' dir='ltr'><strong><em>trepidationis</em></strong></span> <span class='ocrx_word' id='word_1_131' title='bbox 468 1731 496 1784; x_wconf 91' lang='lat' dir='ltr'><strong><em>in</em></strong></span> <span class='ocrx_word' id='word_1_132' title='bbox 506 1731 622 1802; x_wconf 83' lang='lat' dir='ltr'><strong><em>publioo.</em></strong></span> <span class='ocrx_word' id='word_1_133' title='bbox 656 1730 690 1785; x_wconf 92' lang='lat' dir='ltr'><strong><em>Ut</em></strong></span> <span class='ocrx_word' id='word_1_134' title='bbox 698 1747 835 1803; x_wconf 87' lang='lat' dir='ltr'><strong><em>quemque</em></strong></span> <span class='ocrx_word' id='word_1_135' title='bbox 844 1748 874 1785; x_wconf 83' lang='lat' dir='ltr'><strong><em>ne</em></strong></span> 
     </span>
     <span class='ocr_line' id='line_1_22' title="bbox 117 1805 868 1878; baseline -0.003 -15"><span class='ocrx_word' id='word_1_136' title='bbox 117 1810 187 1864; x_wconf 88' lang='lat' dir='ltr'><strong><em>tium</em></strong></span> <span class='ocrx_word' id='word_1_137' title='bbox 198 1807 267 1861; x_wconf 87' lang='lat' dir='ltr'><strong><em>ieme</em></strong></span> <span class='ocrx_word' id='word_1_138' title='bbox 277 1805 424 1869; x_wconf 79' lang='lat' dir='ltr'><strong><em>adtulisset,</em></strong></span> <span class='ocrx_word' id='word_1_139' title='bbox 436 1806 557 1860; x_wconf 86' lang='lat' dir='ltr'><strong><em>animum</em></strong></span> <span class='ocrx_word' id='word_1_140' title='bbox 567 1805 726 1878; x_wconf 84' lang='lat' dir='ltr'><strong><em>vultumque</em></strong></span> <span class='ocrx_word' id='word_1_141' title='bbox 736 1807 868 1870; x_wconf 87' lang='lat' dir='ltr'><strong><em>oanversi,</em></strong></span> 
     </span>
     <span class='ocr_line' id='line_1_23' title="bbox 117 1881 872 1954; baseline -0.003 -15"><span class='ocrx_word' id='word_1_142' title='bbox 117 1881 332 1939; x_wconf 86' lang='lat' dir='ltr'><strong><em>diiiideredubiis</em></strong></span> <span class='ocrx_word' id='word_1_143' title='bbox 341 1897 372 1935; x_wconf 86' lang='lat' dir='ltr'><strong><em>ec</em></strong></span> <span class='ocrx_word' id='word_1_144' title='bbox 381 1897 477 1951; x_wconf 89' lang='lat' dir='ltr'><strong><em>parum</em></strong></span> <span class='ocrx_word' id='word_1_145' title='bbox 486 1881 602 1954; x_wconf 82' lang='lat' dir='ltr'><strong><em>gaudere</em></strong></span> <span class='ocrx_word' id='word_1_146' title='bbox 611 1881 872 1952; x_wconf 84' lang='lat' dir='ltr'><strong><em>pmspe1·isviderent</em></strong></span> 
     </span>
     <span class='ocr_line' id='line_1_24' title="bbox 117 1955 874 2021; baseline -0.005 -6"><span class='ocrx_word' id='word_1_147' title='bbox 117 1959 212 2015; x_wconf 86' lang='lat' dir='ltr'><strong><em>Coecto</em></strong></span> <span class='ocrx_word' id='word_1_148' title='bbox 224 1973 287 2011; x_wconf 89' lang='lat' dir='ltr'><strong><em>vero</em></strong></span> <span class='ocrx_word' id='word_1_149' title='bbox 301 1955 330 2011; x_wconf 89' lang='lat' dir='ltr'><strong><em>in</em></strong></span> <span class='ocrx_word' id='word_1_150' title='bbox 345 1957 446 2011; x_wconf 88' lang='lat' dir='ltr'><strong><em>ouriem</em></strong></span> <span class='ocrx_word' id='word_1_151' title='bbox 460 1965 564 2021; x_wconf 73' lang='lat' dir='ltr'><strong><em>senatu,</em></strong></span> <span class='ocrx_word' id='word_1_152' title='bbox 580 1957 681 2012; x_wconf 87' lang='lat' dir='ltr'><strong><em>arduus</em></strong></span> <span class='ocrx_word' id='word_1_153' title='bbox 693 1973 783 2012; x_wconf 87' lang='lat' dir='ltr'><strong><em>rerum</em></strong></span> <span class='ocrx_word' id='word_1_154' title='bbox 792 1958 874 2012; x_wconf 74' lang='lat' dir='ltr'><strong><em>omnir</em></strong></span> 
     </span>
     <span class='ocr_line' id='line_1_25' title="bbox 118 2028 875 2103; baseline -0.003 -14"><span class='ocrx_word' id='word_1_155' title='bbox 118 2033 223 2097; x_wconf 89' lang='lat' dir='ltr'><strong><em>modus,</em></strong></span> <span class='ocrx_word' id='word_1_156' title='bbox 244 2048 278 2087; x_wconf 87' lang='lat' dir='ltr'><strong><em>ne</em></strong></span> <span class='ocrx_word' id='word_1_157' title='bbox 291 2038 434 2087; x_wconf 82' lang='lat' dir='ltr'><strong><em>oontumex</em></strong></span> <span class='ocrx_word' id='word_1_158' title='bbox 447 2031 595 2098; x_wconf 83' lang='lat' dir='ltr'><strong><em>silentium,</em></strong></span> <span class='ocrx_word' id='word_1_159' title='bbox 615 2049 649 2087; x_wconf 84' lang='lat' dir='ltr'><strong><em>na</em></strong></span> <span class='ocrx_word' id='word_1_160' title='bbox 662 2041 785 2103; x_wconf 85' lang='lat' dir='ltr'><strong><em>suspecta</em></strong></span> <span class='ocrx_word' id='word_1_161' title='bbox 797 2028 875 2087; x_wconf 81' lang='lat' dir='ltr'><strong><em>libert</em></strong></span> 
     </span>
     <span class='ocr_line' id='line_1_26' title="bbox 117 2105 874 2180; baseline -0.001 -16"><span class='ocrx_word' id='word_1_162' title='bbox 117 2110 151 2164; x_wconf 89' lang='lat' dir='ltr'><strong><em>Et</em></strong></span> <span class='ocrx_word' id='word_1_163' title='bbox 170 2109 272 2179; x_wconf 76' lang='lat' dir='ltr'><strong><em>privato</em></strong></span> <span class='ocrx_word' id='word_1_164' title='bbox 290 2105 389 2163; x_wconf 87' lang='lat' dir='ltr'><strong><em>Othoni</em></strong></span> <span class='ocrx_word' id='word_1_165' title='bbox 407 2124 502 2178; x_wconf 82' lang='lat' dir='ltr'><strong><em>nuper,</em></strong></span> <span class='ocrx_word' id='word_1_166' title='bbox 523 2117 603 2180; x_wconf 86' lang='lat' dir='ltr'><strong><em>etque</em></strong></span> <span class='ocrx_word' id='word_1_167' title='bbox 617 2108 707 2162; x_wconf 88' lang='lat' dir='ltr'><strong><em>eadem</em></strong></span> <span class='ocrx_word' id='word_1_168' title='bbox 722 2108 835 2174; x_wconf 88' lang='lat' dir='ltr'><strong><em>dicenti,</em></strong></span> <span class='ocrx_word' id='word_1_169' title='bbox 856 2127 874 2163; x_wconf 93' lang='lat' dir='ltr'><strong><em>n</em></strong></span> 
     </span>
     <span class='ocr_line' id='line_1_27' title="bbox 117 2183 871 2256; baseline -0.001 -17"><span class='ocrx_word' id='word_1_170' title='bbox 117 2183 242 2239; x_wconf 84' lang='lat' dir='ltr'><strong><em>adulatio.</em></strong></span> <span class='ocrx_word' id='word_1_171' title='bbox 282 2183 366 2256; x_wconf 71' lang='lat' dir='ltr'><strong><em>igitur</em></strong></span> <span class='ocrx_word' id='word_1_172' title='bbox 375 2199 480 2239; x_wconf 81' lang='lat' dir='ltr'><strong><em>versere</em></strong></span> <span class='ocrx_word' id='word_1_173' title='bbox 494 2185 646 2248; x_wconf 83' lang='lat' dir='ltr'><strong><em>sententies,</em></strong></span> <span class='ocrx_word' id='word_1_174' title='bbox 660 2192 688 2238; x_wconf 87' lang='lat' dir='ltr'><strong><em>et</em></strong></span> <span class='ocrx_word' id='word_1_175' title='bbox 700 2184 753 2238; x_wconf 87' lang='lat' dir='ltr'><strong><em>hue</em></strong></span> <span class='ocrx_word' id='word_1_176' title='bbox 762 2191 842 2256; x_wconf 84' lang='lat' dir='ltr'><strong><em>etque</em></strong></span> <span class='ocrx_word' id='word_1_177' title='bbox 851 2184 871 2239; x_wconf 91' lang='lat' dir='ltr'><strong><em>il</em></strong></span> 
     </span>
     <span class='ocr_line' id='line_1_28' title="bbox 117 2258 874 2332; baseline 0.001 -18"><span class='ocrx_word' id='word_1_178' title='bbox 117 2270 253 2332; x_wconf 86' lang='lat' dir='ltr'><strong><em>torquere,</em></strong></span> <span class='ocrx_word' id='word_1_179' title='bbox 279 2263 375 2315; x_wconf 84' lang='lat' dir='ltr'><strong><em>boetem</em></strong></span> <span class='ocrx_word' id='word_1_180' title='bbox 395 2267 420 2313; x_wconf 88' lang='lat' dir='ltr'><strong><em>et</em></strong></span> <span class='ocrx_word' id='word_1_181' title='bbox 435 2263 600 2328; x_wconf 78' lang='lat' dir='ltr'><strong><em>parricidam</em></strong></span> <span class='ocrx_word' id='word_1_182' title='bbox 619 2258 756 2313; x_wconf 87' lang='lat' dir='ltr'><strong><em>Vitellium</em></strong></span> <span class='ocrx_word' id='word_1_183' title='bbox 775 2269 874 2317; x_wconf 81' lang='lat' dir='ltr'><strong><em>vocant</em></strong></span> 
     </span>
     <span class='ocr_line' id='line_1_29' title="bbox 117 2333 873 2409; baseline -0.001 -19"><span class='ocrx_word' id='word_1_184' title='bbox 117 2335 369 2409; x_wconf 83' lang='lat' dir='ltr'><strong><em>providentissimus</em></strong></span> <span class='ocrx_word' id='word_1_185' title='bbox 382 2335 502 2407; x_wconf 77' lang='lat' dir='ltr'><strong><em>quisquo</em></strong></span> <span class='ocrx_word' id='word_1_186' title='bbox 514 2333 671 2406; x_wconf 82' lang='lat' dir='ltr'><strong><em>vulgaribus</em></strong></span> <span class='ocrx_word' id='word_1_187' title='bbox 685 2336 827 2403; x_wconf 80' lang='lat' dir='ltr'><strong><em>conviciis3</em></strong></span> <span class='ocrx_word' id='word_1_188' title='bbox 854 2353 873 2407; x_wconf 88' lang='lat' dir='ltr'>q</span> 
     </span>
     <span class='ocr_line' id='line_1_30' title="bbox 117 2408 874 2483; baseline 0 -16"><span class='ocrx_word' id='word_1_189' title='bbox 117 2412 181 2467; x_wconf 88' lang='lat' dir='ltr'><strong><em>dam</em></strong></span> <span class='ocrx_word' id='word_1_190' title='bbox 188 2427 250 2467; x_wconf 85' lang='lat' dir='ltr'><strong><em>vera</em></strong></span> <span class='ocrx_word' id='word_1_191' title='bbox 260 2410 356 2483; x_wconf 89' lang='lat' dir='ltr'><strong><em>probra</em></strong></span> <span class='ocrx_word' id='word_1_192' title='bbox 366 2410 460 2476; x_wconf 86' lang='lat' dir='ltr'><strong><em>iecere,</em></strong></span> <span class='ocrx_word' id='word_1_193' title='bbox 472 2410 501 2464; x_wconf 92' lang='lat' dir='ltr'><strong><em>in</em></strong></span> <span class='ocrx_word' id='word_1_194' title='bbox 511 2408 625 2464; x_wconf 80' lang='lat' dir='ltr'><strong><em>clamore</em></strong></span> <span class='ocrx_word' id='word_1_195' title='bbox 634 2418 731 2474; x_wconf 88' lang='lat' dir='ltr'><strong><em>tamen,</em></strong></span> <span class='ocrx_word' id='word_1_196' title='bbox 738 2418 763 2464; x_wconf 90' lang='lat' dir='ltr'><strong><em>et</em></strong></span> <span class='ocrx_word' id='word_1_197' title='bbox 773 2411 820 2465; x_wconf 91' lang='lat' dir='ltr'><strong><em>ubi</em></strong></span> <span class='ocrx_word' id='word_1_198' title='bbox 831 2411 874 2482; x_wconf 90' lang='lat' dir='ltr'><strong><em>plu</em></strong></span> 
     </span>
     <span class='ocr_line' id='line_1_31' title="bbox 118 2483 874 2557; baseline -0.003 -14"><span class='ocrx_word' id='word_1_199' title='bbox 118 2483 874 2557; x_wconf 84' lang='lat' dir='ltr'><strong><em>maevooss,euttumultuverborumsibiipsiobstrepeut</em></strong></span> 
     </span>
     <span class='ocr_line' id='line_1_32' title="bbox 165 2559 874 2636; baseline 0.003 -22"><span class='ocrx_word' id='word_1_200' title='bbox 165 2566 208 2615; x_wconf 73' lang='grc'><strong><em>86,</em></strong></span> <span class='ocrx_word' id='word_1_201' title='bbox 229 2562 356 2636; x_wconf 75' lang='lat' dir='ltr'><strong><em>Prodigia</em></strong></span> <span class='ocrx_word' id='word_1_202' title='bbox 364 2561 479 2635; x_wconf 84' lang='lat' dir='ltr'><strong><em>insuper</em></strong></span> <span class='ocrx_word' id='word_1_203' title='bbox 488 2559 628 2625; x_wconf 86' lang='lat' dir='ltr'><strong><em>terrebant,</em></strong></span> <span class='ocrx_word' id='word_1_204' title='bbox 639 2560 753 2616; x_wconf 81' lang='lat' dir='ltr'><strong><em>diversis</em></strong></span> <span class='ocrx_word' id='word_1_205' title='bbox 763 2562 874 2617; x_wconf 81' lang='lat' dir='ltr'><strong><em>auctori}</em></strong></span> 
     </span>
     <span class='ocr_line' id='line_1_33' title="bbox 96 2631 874 2712; baseline -0.006 -21"><span class='ocrx_word' id='word_1_206' title='bbox 96 2631 223 2712; x_wconf 48' lang='lat' dir='ltr'><strong><em>Wlfflin:</em></strong></span> <span class='ocrx_word' id='word_1_207' title='bbox 245 2642 273 2691; x_wconf 80' lang='lat' dir='ltr'><strong><em>in</em></strong></span> <span class='ocrx_word' id='word_1_208' title='bbox 293 2641 427 2696; x_wconf 76' lang='lat' dir='ltr'><strong><em>vestibulo</em></strong></span> <span class='ocrx_word' id='word_1_209' title='bbox 441 2638 573 2710; x_wconf 82' lang='lat' dir='ltr'><strong><em>Capitolii</em></strong></span> <span class='ocrx_word' id='word_1_210' title='bbox 591 2643 702 2694; x_wconf 78' lang='lat' dir='ltr'><strong><em>muleens</em></strong></span> <span class='ocrx_word' id='word_1_211' title='bbox 715 2639 832 2690; x_wconf 78' lang='lat' dir='ltr'><strong><em>hebenus</em></strong></span> <span class='ocrx_word' id='word_1_212' title='bbox 842 2639 874 2687; x_wconf 72' lang='lat' dir='ltr'><strong><em>tiu</em></strong></span> 
     </span>
     <span class='ocr_line' id='line_1_34' title="bbox 72 2705 874 2797; baseline 0.016 -41"><span class='ocrx_word' id='word_1_213' title='bbox 72 2712 122 2750; x_wconf 77' lang='lat' dir='ltr'><strong><em>eus</em></strong></span> <span class='ocrx_word' id='word_1_214' title='bbox 143 2705 445 2781; x_wconf 59' lang='lat' dir='ltr'><strong><em>hermeneticum:</em></strong></span> <span class='ocrx_word' id='word_1_215' title='bbox 467 2723 599 2797; x_wconf 74' lang='lat' dir='ltr'><strong><em>erupisse</em></strong></span> <span class='ocrx_word' id='word_1_216' title='bbox 611 2718 686 2775; x_wconf 79' lang='lat' dir='ltr'><strong><em>oello</em></strong></span> <span class='ocrx_word' id='word_1_217' title='bbox 695 2713 808 2770; x_wconf 66' lang='lat' dir='ltr'><strong><em>latioris</em></strong></span> <span class='ocrx_word' id='word_1_218' title='bbox 818 2710 874 2759; x_wconf 55' lang='lat' dir='ltr'><strong><em>*ml</em></strong></span> 
     </span>
    </p>
   </div>
   <div class='ocr_carea' id='block_1_5' title="bbox 0 0 980 3016">
    <p class='ocr_par' dir='ltr' id='par_1_5' title="bbox 0 0 980 3016">
     <span class='ocr_line' id='line_1_35' title="bbox 0 0 980 3016; baseline 0 0"><span class='ocrx_word' id='word_1_219' title='bbox 0 0 980 3016; x_wconf 95' lang='lat' dir='ltr'><strong><em> </em></strong></span> 
     </span>
    </p>
   </div>
  </div>
 </body>
</html>
