1950 3016
151 191 184 245 at
388 194 713 244 araronrnnuu
809 184 946 259 (numm

151 312 275 369 quaeque
296 295 362 352 alias
383 299 503 353 civitates
521 297 654 353 atrocibus
671 295 765 351 edictis
783 302 830 349 aut
847 294 947 351 ‹bmao

150 371 245 426 finium
267 371 351 427 Galba
370 373 525 445 perculerat,
547 372 666 427 hibernis
686 371 820 444 legionum
835 374 946 442 propius

150 449 305 504 miscentur.
341 448 415 505 Unde
424 449 547 504 serlitiosa
557 447 705 518 mnloqma,
717 456 743 501 et
752 449 819 500 inter
829 462 945 519 paganos

150 527 301 593 conruptior
315 524 403 589 miles,
424 533 450 578 et
465 526 493 577 in
508 523 665 596 Verginium
681 521 764 587 favor,
784 522 947 594 cuicumque

149 597 195 653 alii
208 598 372 668 prolaturus.

204 675 246 728 st.
267 675 373 729 Miserat
385 673 478 727 civitas
487 672 649 746 Lingonum,
660 681 747 726 vetere
756 672 888 734 instituto,
898 669 947 727 do·

149 764 184 802 ua
195 748 354 821 legionibus,
365 749 480 809 dextras,
493 747 601 818 hospitii
612 749 726 820 insigne.
740 747 830 820 Legati
841 763 944 812 eorum,

148 823 178 878 in
192 823 342 895 squalorem
357 824 570 894 maestitiamque
583 823 732 893 compositi,
745 839 793 893 per
802 823 944 893 principia,

148 915 197 970 per
210 898 391 962 oontubernia,
412 898 489 952 modo
501 915 564 952 suos
577 903 699 959 iniurias,
721 897 799 952 modo
812 902 947 951 civitatum

149 979 296 1027 vicinarum
307 978 434 1040 proemio,
449 981 483 1036 et,
495 973 541 1027 ubi
553 973 644 1044 pronis
654 972 771 1027 militum
781 972 894 1027 auribus
902 989 948 1026 ao·

148 1047 328 1119 cipiebautur,
349 1053 431 1116 ipsius
450 1054 580 1102 exoritur
600 1051 719 1116 periculo
735 1057 760 1102 et
779 1050 947 1102 contumelias

149 1132 350 1193 conquerentes,
365 1122 540 1177 aooendebant
551 1124 664 1178 animos.
704 1123 758 1176 Nec
772 1122 863 1193 procul
874 1121 947 1176 sedi·

148 1200 220 1253 tione
238 1198 354 1260 aberant,
374 1214 436 1251 ourn
453 1198 616 1252 Hordeonius
629 1198 740 1252 Flaccus
754 1201 828 1251 obire
838 1201 943 1266 legatos,

149 1283 233 1344 utque
244 1272 370 1329 occultior
383 1273 521 1346 digressus
534 1282 612 1336 esset,
627 1281 701 1326 nocte
715 1278 809 1326 castris
823 1276 947 1326 carmem

149 1348 232 1403 iubet.
273 1348 336 1403 lnde
359 1358 433 1403 atrox
453 1365 554 1411 rumor,
577 1346 778 1402 adsumentibus
798 1346 945 1418 plerisque,

148 1428 303 1494 interlectos,
323 1441 364 1487 oc,
384 1429 437 1478 nisi
451 1430 503 1492 ipsi
515 1426 682 1483 consulerent,
701 1429 764 1492 tore,
784 1424 947 1476 utoeerrimt

148 1503 268 1562 militam,
281 1508 305 1554 ct
312 1504 461 1567 praesentia
470 1503 609 1567 conquesti,
621 1515 668 1565 per
682 1501 798 1551 tenebras
806 1506 831 1550 ct
843 1500 947 1552 insciti-

150 1593 193 1628 am
212 1585 353 1629 ceramum
372 1579 559 1629 occiderentur.
598 1571 807 1645 Obstringuotur
829 1573 898 1626 inter
916 1587 944 1627 se

149 1652 227 1703 tacito
237 1648 338 1704 loedere
350 1647 475 1720 legiones.
506 1646 670 1701 Adsciscitur
680 1646 840 1702 auxiliorum
851 1646 939 1702 miles*

150 1725 238 1795 primo
257 1732 412 1793 suspectus,
433 1731 582 1792 tamquam,
603 1722 773 1777 circumdatis
792 1723 934 1777 cohortibur

149 1797 268 1868 alisque,
290 1799 396 1867 inpetus
414 1798 442 1851 in
464 1797 580 1869 legiones
599 1807 748 1869 pararetur,
772 1815 835 1853 mox
853 1798 930 1852 eaden

150 1874 238 1927 acrius
253 1871 375 1927 volvens:
398 1871 513 1927 faciliore
527 1873 594 1927 iuter
608 1873 691 1929 malos
704 1890 834 1929 consensu
844 1873 878 1927 ad
888 1871 926 1928 be'

151 1946 218 2008 lum,
230 1965 312 2017 quam
322 1949 350 2002 in
361 1964 425 2018 paee
434 1947 467 2001 ad
476 1948 652 2004 eoncordiam.

204 2025 247 2077 ts.
269 2021 402 2077 lnlerioris
419 2031 507 2077 tamen
520 2023 678 2079 Germaniae
697 2024 813 2097 legiones
830 2022 914 2078 solem

150 2096 210 2153 Kal.
218 2099 399 2153 Ianuariarum
411 2108 574 2154 sacramento
583 2117 631 2172 pro
641 2098 723 2155 Galba
734 2098 848 2163 adactae,
861 2116 908 2153 mu

150 2175 314 2228 eunotatione
323 2182 348 2227 et
358 2175 424 2228 raris
434 2176 581 2245 primorum
591 2175 714 2229 ordinum
725 2173 851 2229 vocibus:
865 2183 906 2228 oet

150 2247 255 2303 silentio
269 2249 383 2319 proximi
396 2251 529 2322 cuiusque
540 2249 676 2305 audaciam
687 2256 882 2319 exspectantes:

150 2323 200 2378 sita
215 2323 371 2378 mortalibus
386 2334 487 2388 natura,
508 2341 618 2396 propere
632 2325 719 2396 sequi,
739 2341 809 2395 quae
821 2324 893 2395 piget

150 2397 253 2453 oboure.
292 2397 343 2452 Sed
352 2400 420 2469 ipsis
431 2399 580 2473 legionibus
591 2400 675 2454 inerat
686 2399 828 2453 diversitas
840 2399 891 2453 auir

150 2490 221 2527 rum.
260 2472 377 2528 Primaui
392 2475 569 2546 quintanique
582 2475 682 2529 turbidi
697 2474 771 2539 adeo,
791 2483 821 2528 ut
833 2475 887 2544 quir

149 2564 213 2603 saxa
232 2547 260 2602 ia
280 2547 380 2603 Galbae
399 2549 530 2623 imagines
548 2549 670 2604 iecerint:
698 2549 878 2621 quintadeeim

129 2621 316 2677 sextadecima
334 2622 469 2699 legiones,
489 2622 562 2681 nibil
580 2623 654 2681 ultra
671 2623 815 2680 lremitum
825 2631 877 2676 etr

109 2698 208 2755 'ms
230 2694 349 2754 mititem
371 2702 547 2778 mampendi
567 2700 851 2776 circumspectabant.
