1950 3016
49 183 155 261 ‚caat
254 195 337 243 aaa.
357 195 390 241 u.
413 195 503 242 cae.
524 195 550 241 e.
571 196 596 241 a.
798 191 827 243 or

49 296 179 369 ahituque
193 296 241 353 vix
254 314 270 353 a
283 298 406 371 gregario
420 296 507 352 milite
520 296 688 368 discrepans:
709 313 830 369 prorsus,

49 373 179 427 >avaritia
189 372 304 437 abesset,
319 373 438 444 antiquis
452 372 569 427 ducibus
579 389 636 444 par.
674 373 829 429 Mucianum

59 448 194 504 mnuauo
211 447 408 521 magnificentia
427 455 454 503 et
471 463 536 518 opes
550 454 576 502 et
589 454 683 503 cuneta
695 449 830 521 privatum

49 523 140 579 ndum
149 540 326 597 supergressa
335 522 504 579 extollebant.
535 521 628 594 Aptior
638 523 763 589 sermom,
775 525 831 579 dis·

49 598 117 654 usitu
130 600 299 672 provisuque
312 596 436 657 civilium
451 616 541 653 rerum
555 599 671 670 peritus:
693 600 829 672 egregium

49 674 195 745 riucipatus
204 682 455 745 temperamentum,
468 674 502 739 si,
513 674 630 745 demptis
640 673 782 745 utriusque
790 675 831 729 vi-

48 750 81 815 is,
98 747 171 805 solae
185 751 298 805 virtutes
311 752 496 806 mimerentur.
536 749 659 805 Ceterum
671 748 716 803 hic
727 748 828 823 Syriae,

49 824 72 879 le
82 824 195 881 iudaeae
205 826 384 897 praepositus,
399 826 496 881 vicima
506 825 706 896 provinciarum
715 824 831 880 admini-

49 900 211 965 rationibus,
227 901 329 956 invidia
343 900 488 966 discordes,
502 901 576 956 exitu
586 899 696 955 demum
707 900 828 965 Neronis,

49 976 123 1031 ositis
132 975 212 1041 odiis,
224 976 253 1031 in
262 975 383 1032 medium
392 975 563 1033 consuluere:
575 977 696 1047 primum
706 993 753 1048 per
763 976 831 1031 ami-

49 1068 87 1107 ta:
110 1051 172 1106 dein
188 1053 330 1123 praecipua
343 1050 496 1106 concordiae
506 1051 571 1107 fides
582 1052 669 1116 Titus,
682 1068 764 1122 prava
773 1068 831 1105 cer-

49 1126 128 1183 rmina
139 1127 277 1183 communi
289 1126 400 1182 utilitate
408 1125 570 1183 aboleverat:
583 1134 679 1183 natura
688 1134 767 1199 atque
775 1133 831 1181 arte

49 1202 194 1274 impositus
202 1201 359 1257 adliciendis
369 1202 448 1257 edam
459 1202 575 1257 Muciani
586 1202 714 1258 moribus
733 1202 831 1257 Tribu-

49 1278 293 1350 ioenturionesque
304 1285 330 1333 et
343 1276 442 1350 vulgus
456 1277 584 1341 militum,
596 1277 737 1342 industria,
749 1276 831 1331 licen-

49 1371 75 1420 a,
90 1370 139 1425 per
150 1353 271 1419 virtutes,
291 1370 340 1425 per
350 1352 506 1425 voluptates,
529 1361 558 1408 ut
570 1354 670 1425 cuique
678 1353 829 1426 ingenium,

49 1428 256 1485 lsciscebantur.

83 1508 110 1560 6.
131 1502 365 1575 AntequamTitus
375 1503 536 1567 adventaret,
548 1499 832 1558 sacramentumOtlao-

48 1580 220 1650 isaoeeperat
229 1587 341 1651 uterque
350 1580 493 1644 exercitus,
504 1577 703 1648 praecipitibus,
716 1586 745 1633 ut
754 1577 832 1634 aliso-

49 1663 74 1719 rt,
86 1655 201 1719 nuntiis,
213 1661 240 1709 et
249 1655 321 1710 tarda
330 1653 400 1709 mole
411 1653 501 1709 civilis
509 1652 584 1718 belli,
598 1652 671 1725 quod
681 1653 759 1727 longa
768 1671 832 1709 cou-

49 1730 119 1786 rrdia
128 1730 237 1801 quietus
248 1728 343 1785 Oriens
352 1738 418 1784 tuuc
426 1730 546 1800 primum
557 1729 674 1801 parabat.
708 1730 831 1802 Namque

49 1805 96 1861 lim
107 1805 274 1861 validissima
284 1807 352 1861 iuter
361 1822 391 1861 se
401 1805 502 1861 civium
512 1822 596 1869 arma,
610 1803 722 1861 initalia
732 1806 832 1861 Gallia-

49 1898 73 1947 e,
94 1880 202 1935 viribus
220 1879 371 1936 Occidentis
389 1887 490 1953 coepta.
529 1881 563 1935 Et
576 1881 711 1952 Pompeio,
728 1881 829 1948 Cassio,

50 1962 121 2021 rulo,
133 1956 257 2022 Antonio,
268 1974 335 2028 quos
345 1973 438 2013 omnes
448 1963 520 2010 naus
530 1973 603 2011 mare
612 1965 734 2012 secutum
744 1966 785 2012 est
793 1959 832 2012 ci-

48 2031 84 2087 ile
95 2030 207 2097 bellum,
224 2030 297 2085 haud
306 2032 425 2104 prosperi
436 2032 523 2086 exitus
533 2030 646 2087 fueraut.
686 2032 832 2103 Auditiquc

49 2107 140 2177 sepius
153 2108 183 2161 in
196 2105 274 2180 Syria
289 2108 437 2179 Iudaeaque
451 2105 585 2173 Gemmas,
605 2124 689 2180 quam
708 2107 831 2177 inspecti.

49 2182 113 2237 lulla
126 2182 222 2237 seditio
235 2182 385 2255 legionum:
408 2190 510 2239 tautum
522 2183 652 2239 adversus
662 2182 771 2237 Parthos
781 2181 833 2235 mi-

49 2274 92 2323 ae,
114 2258 189 2315 vario
198 2265 305 2313 eventu.
344 2258 378 2314 Et
391 2260 512 2330 proximo
530 2259 603 2313 civili
619 2256 698 2322 bello,
720 2255 832 2310 turbatis

49 2333 103 2399 liis,
125 2335 284 2391 inconcussa
304 2333 342 2388 ibi
362 2352 427 2405 pax:
458 2334 520 2389 dein
541 2334 608 2388 lides
626 2348 689 2404 erga
708 2329 831 2386 Galbam.

49 2411 105 2475 lox,
120 2417 159 2474 ut,
174 2407 306 2464 Othonem
321 2427 351 2464 ac
359 2409 497 2465 Vitellium
508 2408 627 2464 scelestis
638 2405 719 2459 armis
728 2423 772 2461 res
781 2406 834 2463 llo

49 2502 127 2539 ranas
143 2491 249 2555 raptum
259 2484 459 2559 ire,.vulgatum
472 2494 521 2549 est,
538 2501 573 2538 ne
581 2498 664 2554 penes
672 2487 771 2536 ceteros
781 2482 833 2537 im-

50 2560 100 2616 erii
115 2560 245 2629 praemia,
262 2576 348 2632 penes
367 2563 443 2638 ipsos
456 2569 567 2620 tantum
581 2556 854 2617 sersttuneoesenas

49 2639 98 2694 sot,
114 2631 230 2718 fremere
242 2637 324 2695 miles
334 2649 363 2700 et
372 2633 450 2701 vires
459 2661 531 2703 sues
544 2637 784 2713 circumspiuene.
818 2631 876 2686 Qe-

49 2718 81 2755 w
95 2703 219 2776 legiones
231 2715 331 2776 sotim
348 2728 376 2781 et
390 2741 465 2785 oum
479 2721 665 2804 ingenttbm
676 2707 905 2780 uuffiitss‘lffi
