1950 3016
121 203 153 260 a
358 209 681 260 tttsrontenum
784 200 917 275 (auses.

120 315 220 369 animos
238 312 385 379 explorant,
407 315 471 381 quia
489 318 609 368 miseriae
623 317 776 376 tolerantur,
797 314 920 381 felicitate

120 391 321 456 corrumpimur.
343 387 440 452 tatem,
453 391 604 452 libertatem,
615 394 767 450 amicitiam,
777 393 920 457 praecipuo

119 466 226 518 bumaai
236 467 317 516 amiati
332 466 405 524 bona,
417 472 445 516 tu
458 469 560 533 quidem
572 469 659 519 eadem
670 468 815 519 emataatio
824 469 920 517 retiae-

121 543 173 594 bt's:
192 542 237 592 sed
250 540 299 591 atii
305 556 354 606 per
363 541 509 608 obsequium
521 544 671 594 imminuent.
711 534 842 606 barurapet
852 542 920 593 odu-

121 617 193 676 lotio,
207 616 355 676 blanditiae,
365 620 503 682 pessimum
521 619 578 668 ueri
591 620 709 686 adfectus
720 631 851 677 ueaeaum,
871 630 920 668 suo

122 696 214 759 cuique
229 692 337 742 utilitas.
377 690 431 758 Epo
446 707 478 742 aa
493 699 521 743 tu
534 693 723 758 simplicissime
737 695 805 744 iuter
819 693 920 742 mosbo-

120 769 163 821 die
172 768 315 834 loquimur:
336 768 414 818 aeteri
424 766 544 819 libentius
553 783 611 819 oum
619 771 726 836 fortuma
736 773 921 833 nostra,qaam

121 844 260 896 nobiseum.
301 839 368 892 Nom
377 844 487 894 suadere
493 845 617 909 principi,
633 846 701 910 qttod
711 848 835 908 oporteat,
845 842 921 893 multi

122 920 233 971 laboris:
251 918 396 969 adsentatio
405 933 646 985 erpaquemouuque
653 921 799 985 prinoipem
807 920 863 969 sime
871 918 921 969 ad-

121 995 341 1064 [eotuperapitur.

179 1070 218 1121 lb.
241 1066 364 1120 Etiamsi
379 1071 520 1120 immensum
533 1070 636 1133 imperii
650 1083 744 1134 eorpus
756 1075 827 1120 stare
841 1082 873 1119 aa
887 1067 921 1119 li-

123 1146 197 1196 brari
209 1146 264 1195 eine
277 1151 376 1196 reolore
387 1150 480 1211 posset,
492 1146 585 1211 dianus
595 1159 674 1205 eram,
689 1160 706 1194 a
716 1159 766 1210 quo
775 1159 842 1209 resp.
853 1145 921 1194 imei-

120 1226 207 1287 peret:
236 1234 304 1270 muno
318 1234 347 1270 eo
360 1221 518 1272 necessitatis
532 1221 698 1285 iampridem
710 1225 813 1271 uentum
826 1223 871 1279 est,
892 1225 920 1269 ut

123 1311 169 1347 aea
178 1310 235 1346 mea
243 1301 359 1346 seaeotus
369 1297 485 1361 conierre
493 1295 553 1359 plus
560 1295 655 1360 populo
666 1293 735 1346 bota.
745 1295 835 1360 possit,
843 1308 921 1360 quam

124 1372 215 1423 bouum
229 1384 407 1429 moaeesorem,
423 1384 468 1420 mee
485 1376 530 1420 tuo
542 1370 602 1434 plus
612 1371 724 1430 iuventa,
741 1385 818 1437 quam
829 1370 921 1420 bouum

120 1448 274 1516 prinoipem.
314 1443 367 1498 Sub
380 1443 480 1495 Tiberio
490 1451 514 1495 et
525 1440 588 1495 Caio
601 1450 624 1494 et
638 1441 746 1496 Claudio
755 1446 833 1496 uuius
841 1445 921 1512 [ami-

124 1523 175 1575 lloe
194 1524 270 1589 quasi
287 1522 415 1572 hereditas
432 1522 543 1587 suimus:
563 1519 619 1570 loeo
634 1520 761 1571 libertatis
775 1522 833 1581 erit,
853 1520 922 1587 quod

123 1599 185 1663 elioi
195 1599 331 1660 coepimus.
370 1593 411 1654 Et,
424 1595 499 1659 finita
508 1592 636 1645 Iuliorum
648 1590 865 1661 Claudiorumque
874 1597 921 1646 do-

123 1688 172 1730 mo,
184 1673 305 1736 optimum
315 1683 438 1735 quemque
449 1670 554 1733 adoptio
566 1670 684 1720 inveniet.
724 1667 791 1722 Nam
801 1671 921 1736 perarari

47 1736 52 1749 ¹
123 1753 148 1798 et
160 1746 235 1796 masei
247 1759 265 1794 a
278 1743 447 1808 principibus,
460 1745 604 1810 (oriudum,
617 1759 664 1797 uee
673 1744 745 1796 ultra
754 1747 921 1796 aestimatur:

124 1819 266 1885 adoptandi
279 1818 404 1869 iudicium
417 1819 558 1885 iateprum;
578 1825 610 1879 et,
626 1823 650 1872 ei
664 1820 727 1872 uelis
741 1820 843 1886 elipere,
859 1834 921 1871 coa·

123 1909 199 1948 seusu
213 1898 380 1945 monstratur.
419 1890 460 1946 su
473 1896 629 1946 oateoeulos
643 1893 719 1956 Nero,
740 1910 823 1961 quem,
844 1895 921 1960 leupo

127 1968 267 2024 Caesarum
279 1969 346 2021 serie
361 1973 503 2030 tummtem,
514 1984 565 2021 uam
579 1968 677 2021 Viadeo
688 1984 746 2020 eoem
756 1970 849 2020 iaemui
857 1984 920 2035 pro-

123 2046 220 2104 uiuoio,
234 2049 280 2094 aut
294 2056 340 2109 epo
355 2057 412 2094 aum
422 2060 474 2096 uua
483 2045 588 2111 lepioue,
599 2046 644 2095 sed
652 2059 701 2095 sua
711 2045 860 2105 lamonitas,
872 2060 921 2096 sua

124 2121 244 2178 luxurio,
255 2118 397 2169 oeraieibus
403 2119 517 2184 publicis
526 2119 659 2186 depulere:
679 2133 759 2186 aeque
768 2125 825 2171 erat
836 2120 921 2170 adbuo

123 2195 242 2247 damuati
248 2193 376 2258 principis
385 2195 535 2260 exemplum.
566 2192 921 2248 Nosbelloetaboeslimou-

125 2270 193 2322 tibus
201 2269 304 2329 adsciti,
316 2282 373 2319 oum
383 2269 491 2330 inuidia,
503 2271 621 2337 quamuis
629 2273 734 2338 eprepii,
746 2271 849 2322 mimus.
882 2267 921 2322 Ne

125 2351 210 2398 tamea
230 2347 336 2396 territus
354 2344 443 2409 (ueris,
461 2346 486 2396 si
497 2347 564 2397 duae
577 2347 688 2412 lepiamee
701 2347 730 2397 ia
742 2345 789 2396 boo
804 2347 922 2397 concussi

124 2420 271 2472 orbiemotu
281 2409 392 2471 umidum
401 2420 541 2486 quieseunt.
579 2418 618 2473 Ne
627 2423 682 2486 ipse
691 2421 922 2486 auidemodeeeu-

125 2509 171 2548 ros
180 2508 223 2547 ree
232 2495 343 2547 oeamsi:
363 2500 396 2556 et,
407 2496 499 2545 audita
509 2496 652 2560 adoptione,
662 2496 777 2547 desinam
786 2497 871 2548 uideri
880 2511 921 2548 se-

125 2584 192 2636 uem;
212 2570 279 2636 quod
293 2583 361 2620 uuna
375 2569 438 2619 aiibi
452 2583 531 2620 uaum
540 2568 667 2620 obiicitur.
706 2567 802 2623 Nerea
810 2572 921 2638 pessimo

233 2657 331 2711 semper
338 2645 541 2697 desiderabitur:
560 2643 623 2694 mibi
635 2657 667 2695 oo
678 2644 725 2696 tibi
734 2647 921 2710 prouidendum

73 2634 328 2837 wodemo
338 2717 583 2772 bmisdeeleleretur.
607 2715 828 2784 Monerediutius‚
840 2735 921 2789 aeque
