1950 3016
126 212 178 269 258
295 217 322 263 c.
342 215 565 262 sonnatius
585 213 754 262 uncinus

125 317 270 374 miscendis
285 318 462 389 principibus,
483 318 516 371 de
528 333 591 389 pace
601 316 717 387 denique
726 332 756 369 ac
765 312 847 380 bello,
868 312 928 386 ple·
960 351 965 361 -

125 410 241 465 rumque
250 395 277 446 in
289 395 419 447 conviviis
429 393 591 447 consultant:
606 401 741 462 tamquam
753 389 827 444 nullo
838 390 926 462 magis

125 476 243 539 tempore
256 476 302 522 aut
316 468 348 522 ad
366 468 502 538 simplices
517 468 687 538 cogitationes
702 472 788 535 pateat
803 466 923 528 animus,

125 543 212 598 autad
224 561 334 616 magnas
344 541 492 596 incalescat.
533 542 606 596 Gens
616 558 667 594 uon
678 547 774 603 astuta,
791 556 842 593 nec
850 538 926 593 ‹ealli-

125 617 168 682 da,
180 619 264 690 aperit
274 617 361 671 adbuc
369 626 467 670 secreta
478 617 590 687 pectoris
602 615 705 669 licentia
714 614 776 668 ioci.
797 614 870 687 Ergo
879 613 926 668 de-

125 701 191 747 tecta
204 702 230 746 et
245 692 315 746 nuda
330 693 452 746 omniurn
468 708 544 744 mens
556 698 659 760 postera
669 689 714 742 die
723 697 889 752 retractatur,
899 695 925 743 el

125 767 197 821 saiva
213 769 355 837 utriusque
368 765 495 836 temporie
508 766 574 819 ratio
586 772 635 818 est.
674 762 837 828 Deliberant,
859 764 925 818 dum

125 842 225 915 fingere
234 843 370 896 nesci-unt:
384 838 630 903 constituunt,dum
640 855 727 893 errare
737 855 790 893 nou
799 845 921 909 possunt.

179 919 221 970 23.
244 916 318 968 Potui
330 915 426 968 lrnmor
436 931 469 968 ex
479 914 576 968 hordeo
585 921 631 967 aut
640 912 783 977 frumento,
798 913 826 967 in
838 929 925 984 quan·

126 989 186 1042 dam
201 988 406 1042 similitudinem
423 989 478 1042 viai
493 995 648 1059 conruptus.
688 987 806 1042 Proximi
817 989 924 1058 ripaeel

125 1064 221 1118 vinum
231 1070 390 1116 mercantur.
416 1063 474 1116 Cibi
486 1062 636 1133 simplices:
657 1063 770 1135 agrestia
781 1079 872 1132 poma,
882 1077 923 1116 re·

125 1154 189 1191 oens
200 1135 262 1201 lere,
275 1146 320 1190 aut
331 1135 370 1190 lac
379 1145 541 1192 concretum.
561 1136 625 1191 Sine
634 1136 838 1206 adparatu,sine
847 1135 922 1190 blen-

125 1212 250 1265 dimentis
260 1211 396 1282 expellunt
409 1211 516 1265 lamam.
537 1211 674 1265 Adversus
683 1211 757 1265 sitim
768 1228 821 1266 uon
832 1210 921 1265 eedem

124 1288 306 1359 temperantia.
327 1285 357 1341 Si
366 1285 510 1341 indulseris
519 1286 648 1350 ebrietati,
659 1286 828 1358 suggerendo
837 1302 923 1358 quan·

125 1370 183 1416 tum
198 1362 399 1432 concupiscunt,
414 1360 487 1415 baud
501 1363 593 1416 miuus
606 1359 682 1415 lacile
691 1361 776 1426 vitiis,
787 1378 872 1433 φιαω
881 1378 922 1415 an

125 1438 187 1500 nais,
203 1438 353 1491 vincentur.

179 1514 221 1566 Ql.
233 1511 326 1566 Genus
336 1508 546 1581 spectaculorum
557 1525 642 1564 unum
653 1515 733 1580 atque
742 1509 772 1563 iu
780 1509 857 1565 omni
865 1525 923 1564 cae·

125 1592 154 1639 tu
164 1585 245 1639 idem.
285 1584 355 1639 Nudi
367 1587 488 1647 invenes,
500 1583 601 1654 quibus
611 1583 639 1637 id
650 1582 784 1638 ludicrum
794 1591 845 1648 est,
855 1585 922 1638 inter

124 1659 226 1732 gladios
236 1676 265 1712 se
275 1667 354 1730 atque
364 1658 472 1712 infestas
487 1656 599 1711 frameas
609 1658 678 1712 saltu
690 1658 799 1713 iaciunt.
840 1658 923 1713 Exer-

124 1733 212 1786 citatio
228 1740 310 1786 artem
326 1734 438 1802 paravit,
460 1749 503 1786 ars
517 1733 651 1786 decorem:
672 1749 724 1787 nou
739 1733 769 1787 in
779 1740 920 1804 quaestum

124 1815 228 1868 umen,
253 1814 301 1859 aut
323 1807 482 1861 mercedem.
521 1806 651 1871 Quamvis
670 1807 778 1861 audacis
798 1806 922 1861 lasciviae

124 1879 241 1949 pretium
255 1888 304 1942 est,
318 1879 439 1950 voluptas
452 1882 636 1951 spectantium.
674 1880 767 1935 Aleam
778 1880 861 1952 lquod
872 1881 923 1935 mi-

124 1953 190 2023 rere]
200 1953 283 2008 sobrii
296 1954 364 2007 inter
377 1955 446 2009 seria
457 1962 586 2018 exercent,
598 1963 669 2010 tanta
678 1954 799 2010 lucrandi
808 1955 922 2026 perdut-

123 2027 185 2082 dive
194 2029 348 2093 temeritate,
363 2036 403 2093 ut,
415 2046 476 2082 cum
487 2031 576 2084 omnia
587 2028 748 2094 deiecerunt,
763 2037 883 2085 extremo
892 2045 922 2083 ao

123 2104 353 2158 novissimoiaotu
367 2103 401 2157 de
417 2102 536 2158 libertate
548 2111 573 2158 et
586 2104 740 2175 decarpere
752 2105 918 2159 matendant

123 2178 216 2234 Victus
235 2178 412 2233 voluntariam
430 2179 583 2233 servitutem
601 2179 664 2233 adit.
704 2178 922 2244 Quamvisiuve·

124 2253 192 2316 nior,
210 2253 336 2324 quamvis
350 2253 491 2317 robustior,
505 2252 622 2324 adligare
631 2270 661 2307 se
670 2270 700 2308 ao
708 2253 800 2309 venire
810 2255 920 2325 patina.

123 2327 161 2381 Ee
172 2328 248 2382 estin
259 2344 288 2380 re
298 2344 378 2397 prava
388 2328 550 2397 pervicacia:
572 2327 624 2397 ipsi
634 2327 714 2382 fidem
724 2336 829 2384 vooaut.
860 2326 923 2383 Ser·
969 2376 971 2393 ,

124 2419 172 2457 vos
191 2401 349 2456 conditionis
367 2401 451 2456 huius
469 2419 517 2473 per
535 2404 692 2457 commercia
709 2403 829 2470 uadunt,
848 2410 880 2461 ut
892 2417 921 2457 se

124 2492 233 2548 quoque
242 2475 343 2546 pudore
354 2476 475 2531 victoriae
485 2476 631 2533 exsolvant.

168 2553 214 2607 25.
238 2550 340 2608 Celeris
356 2551 454 2618 servis,
465 2551 559 2607 nonin
568 2559 690 2607 nostrum
699 2567 809 2616 morem,
819 2550 921 2607 deseri-

92 2625 157 2693 ptis
164 2644 222 2698 per
230 2627 373 2689 familiam
385 2629 698 2696 ministeriisutuutur.
719 2623 928 2694 §summimus

84 2699 204 2774 mem.
222 2724 299 2769 auos
313 2710 440 2771 renate
458 2708 544 2788 regit.
580 2692 949 2765 amensamens
