1950 3016
65 167 97 221 tt
301 171 626 219 maronianum
724 160 818 235 (uua

64 289 169 329 versam
184 271 216 327 ad
230 272 366 330 Vitellium
382 276 546 346 Hispaniam.
585 274 625 327 Ne
637 270 781 344 Aquitania
797 290 817 344 q

64 347 135 411 (lem,
146 366 335 421 quamquame
348 350 414 406 lulio
423 350 506 406 Cordo
517 352 544 403 in
555 349 633 403 verba
644 347 755 402 Othonis
764 348 818 402 obst

64 432 114 485 cta,
136 423 181 478 diu
197 427 303 480 mansit.
343 427 483 496 Nusquam
499 425 563 478 lides
577 433 722 488 autumer,
744 434 817 478 metu

65 503 219 555 necessitate
230 500 283 555 buc
293 501 357 555 illuc
367 501 546 554 mutabantur.
568 499 666 553 Eadem
678 498 818 569 formidop

64 574 180 629 vinciam
195 576 391 631 Narbonensem
406 575 440 628 ad
449 574 584 629 Vitellium
596 576 681 638 vertit,
694 573 762 627 sacili
776 583 818 627 trat

64 649 101 702 itu
114 649 145 703 ad
158 653 292 719 proximos
302 660 328 704 et
338 649 487 704 validiores.
516 650 688 722 Longinquae
697 650 818 720 proviuci

64 732 89 778 ct
101 725 236 795 quidquid
250 742 385 779 armorum
401 726 466 779 mari
481 724 626 788 dirimitur,
638 742 718 795 penes
728 723 816 779 Otbon

64 800 220 854 manebant:
247 818 298 854 non
315 801 429 871 partium
443 799 544 863 studio,
566 800 613 854 sed
626 809 680 853 erat
694 798 818 872 granden

64 885 183 928 mentum
198 874 225 928 in
241 877 349 929 nominc
363 875 437 929 urbis
453 892 483 929 ac
493 883 628 945 praetextu
638 884 759 928 senatus:
781 884 818 928 et<

64 959 205 1020 cupaverat
215 951 317 1003 animos
330 951 400 1019 prior
409 951 525 1004 auditus.
565 950 703 1004 Iudaicum
714 950 818 1003 exercitt

64 1024 259 1093 Vespasianus,
285 1024 378 1098 Syriae
401 1025 516 1098 legiones
538 1024 679 1079 Mucianus
698 1042 816 1078 sacrame

64 1097 176 1153 Othonis
187 1100 306 1172 adegere.
332 1099 417 1155 Simul
429 1100 566 1172 Aegyptus
576 1117 722 1170 omnesque
730 1117 818 1154 versae

65 1173 198 1228 Orientem
215 1176 365 1245 provinciae
379 1177 485 1229 nomine
504 1177 563 1229 eius
584 1176 747 1230 tenebantur.
789 1175 817 1228 bt

64 1248 167 1304 Africae
186 1250 357 1321 obsequium,
378 1251 454 1305 initio
468 1268 482 1303 a
495 1250 728 1322 Cartbagineorto.
768 1249 818 1303 Nec

65 1335 211 1395 exspectata
224 1325 342 1396 Vipstani
353 1325 507 1396 Aproniani,
515 1325 818 1395 proconsulis,aucmritr

65 1398 201 1464 Crescens,
213 1401 324 1457 Neronis
336 1399 524 1471 libertus(nam
535 1401 597 1454 ethi
609 1400 686 1454 malis
698 1401 818 1470 temporit

64 1475 816 1548 partemsereipublicuefaciunt)epulumplebi,oblaetiti

65 1553 176 1607 recentis
191 1552 310 1622 imperii,
332 1552 473 1614 obtulerat,
494 1559 519 1604 et
533 1552 647 1622 populus
663 1551 790 1621 pleraque
804 1569 817 1604 s

65 1626 143 1680 modo
155 1625 295 1681 festinavit.
311 1625 496 1698 Carthaginem
508 1636 607 1680 ceterae
617 1627 735 1680 civitates
745 1635 818 1680 secut

64 1700 109 1755 Sic
117 1702 250 1756 distractis
262 1701 422 1757 exercitibus
432 1718 462 1754 ac
472 1702 625 1770 provinciis,
636 1700 741 1755 Vitellio
750 1701 818 1771 quid

68 1775 102 1831 ad
114 1770 302 1845 capessendam
317 1777 481 1847 principatus
493 1774 622 1830 fortunam
634 1775 702 1830 bello
712 1793 780 1846 opus
791 1794 818 1830 er

119 1853 161 1905 77.
184 1850 261 1915 0tb0,
277 1860 306 1905 ut
317 1851 344 1904 in
355 1850 438 1905 multa
449 1868 521 1922 pace,
537 1853 629 1906 munia
641 1852 746 1922 imperii
756 1852 818 1905 obib

65 1924 195 1997 quaedam
211 1943 244 1980 ex
258 1925 385 1998 dignitate
399 1926 569 1996 reipublicae,
582 1927 707 1998 pleraque
716 1937 818 1980 conum

65 2017 113 2055 cus
124 2018 156 2055 ex
166 2002 296 2072 praesenti
307 2019 358 2056 usu
370 2002 542 2072 properando.
576 2002 675 2058 Consul
686 2019 747 2056 cum
759 2003 818 2056 Titia

65 2073 144 2131 lratre
157 2078 185 2130 in
201 2075 311 2130 Kalend.
326 2077 432 2131 Martias
443 2080 515 2147 ipse:
537 2079 672 2148 proximos
682 2078 819 2133 mensesV

64 2152 139 2224 gieio
152 2151 274 2215 destinat,
290 2160 320 2207 ut
333 2150 441 2223 aliquod
456 2153 582 2207 exercitui
595 2153 752 2208 Germanico
765 2153 818 2207 deli

65 2235 195 2281 mentum.
221 2226 342 2300 Iungitur
352 2227 478 2301 Verginio
487 2229 623 2299 Poppaeus
633 2228 774 2299 Vopiscus,
785 2247 818 2301 pr

65 2308 137 2355 textu
149 2302 244 2356 veteris
254 2302 399 2370 amicitiae;
420 2302 552 2374 plerique,
564 2303 756 2358 Viennensium
768 2304 818 2358 bon

65 2375 166 2441 datum,
183 2376 430 2448 interpretabantur.
470 2377 556 2432 Ceteri
570 2377 723 2432 consulatus
737 2395 771 2432 ex
780 2379 818 2432 det

65 2453 170 2506 natione
184 2452 295 2508 Neronis
309 2461 355 2507 aut
368 2450 467 2507 Galbae
480 2470 610 2515 mansere,
627 2452 715 2507 Caelio
729 2470 759 2507 ac
770 2453 816 2507 Fla

65 2525 171 2581 Sabinis
180 2528 210 2583 in
219 2527 310 2593 Iulias,
326 2526 403 2582 Arrio
415 2526 548 2582 Antonino
558 2537 583 2582 et
594 2529 677 2583 Mario
690 2527 766 2582 Celso
776 2530 818 2583 int

125 2602 207 2657 brea:
226 2619 345 2676 qnorum
359 2601 457 2659 bonori
472 2619 506 2659 ne
518 2602 645 2661 Vitellius
659 2602 773 2675 quibem
782 2607 818 2655 n'n

13 2609 200 2850 φῖ·
234 2676 293 2735 Sed
303 2677 378 2739 orbo
385 2679 572 2756 pontificatus
580 2673 818 2758 augmatuaquab
