1950 3016
57 162 184 237 sau.)
265 173 345 218 nra.
365 169 414 219 lv.
433 171 527 217 cen·
545 164 588 218 et.
608 173 648 218 su.
807 164 856 218 209

57 280 170 336 mntem,
181 270 269 327 liberti
278 272 404 344 servique
412 271 582 342 prohibuere,
593 271 773 327 foedissimam
786 289 858 327 mor-

57 356 113 403 tem
129 355 223 418 sponte
239 348 403 418 praevenire.
442 347 477 400 Et
490 344 635 409 Classicus,
650 350 734 401 misso
743 346 858 401 Aemilio

56 423 190 496 Longino,
202 421 333 477 desertore
342 422 446 493 primae
456 419 691 493 legionis,cacdem
701 423 760 476 eius
769 433 857 476 matu-

56 498 138 553 ravit.
178 496 341 551 Herennium
357 505 382 550 et
396 496 551 551 Numisium
571 495 669 567 legatos
682 496 777 550 vinc-iri
792 497 856 550 satis

55 572 160 628 visum.
200 572 275 635 Dein,
292 572 408 642 sumptis
417 571 527 625 llomaui
539 570 644 640 imperii
654 569 816 642 insignibus,
827 571 857 626 in

56 655 144 701 castra
156 647 238 700 venit.
263 647 316 701 Nec
325 645 375 710 itti,
387 662 553 716 quamquam
562 645 595 698 ad
605 660 684 699 omne
694 643 798 700 facinus
806 643 857 699 du·

56 730 125 784 reto,
139 720 218 774 verba
229 720 296 775 ultra
306 720 517 791 suppeditavere,
529 737 612 790 quam
622 727 651 773 ut
661 729 856 774 sacramentum

50 796 188 862 recitaret.
228 796 360 861 lurevere,
376 796 424 865 qui
437 795 554 858 aderant,
570 811 618 865 pro
631 795 744 864 imperio
757 793 856 849 Gallia-

56 887 130 926 rum.
170 870 364 925 Interfectorem
380 869 494 924 Voculae
508 869 569 923 altis
582 869 732 943 ordinibus„
746 878 854 934 ceteros,

56 954 88 1000 ut
98 944 217 1016 quisque
227 942 357 1017 flagitium
368 953 518 1007 navaverat,
530 945 656 1014 praemiis
666 942 775 998 adtollit.
811 945 856 998 ui-

57 1020 133 1075 visee
142 1019 205 1073 iudo
214 1020 410 1076 interl'utorem
421 1028 447 1073 et
456 1017 603 1074 Classicum
613 1035 701 1073 curae.
718 1019 799 1073 Tutor
808 1036 856 1073 ve-

57 1094 112 1148 lida
132 1110 214 1147 manu
232 1094 408 1148 circumdatos
427 1094 650 1166 Agrippinenses,
670 1102 856 1164 quantumque

57 1168 177 1223 militum
191 1168 263 1239 apud
277 1172 440 1240 superiorem
453 1169 539 1223 Rheni
549 1170 644 1239 ripam,
656 1168 685 1222 in
695 1168 786 1223 eadem
795 1186 856 1223 ver-

56 1241 91 1298 bs
101 1242 195 1315 adigit,
210 1244 304 1298 occisis
314 1245 469 1317 llagontiaci
480 1243 605 1307 tribunis,
621 1241 700 1313 pulso
709 1252 855 1298 castrorum

55 1316 202 1390 praelecto,
219 1319 266 1388 qui
286 1319 500 1373 detrectaverant.
540 1317 674 1373 Classicus
687 1318 857 1388 corruptissi-

57 1409 135 1447 mum
150 1409 287 1464 quemque
301 1410 315 1446 e
328 1394 424 1448 deditis
432 1409 540 1462 perqere
549 1397 584 1446 ad
596 1397 709 1448 obsessos
717 1393 800 1456 iubet,
812 1410 856 1447 oe-

56 1472 130 1522 siam
139 1476 302 1531 ostentantes,
312 1473 336 1522 si
344 1472 493 1536 praesentio
501 1476 682 1537 sequerentur:
703 1460 782 1522 aliter
790 1470 856 1522 nihil

56 1546 120 1610 spei.
158 1541 263 1595 Famem
277 1548 425 1611 ferrumque
438 1551 462 1596 et
476 1551 592 1597 extremo
603 1558 736 1610 passuros.
776 1542 856 1597 Adie-

56 1633 126 1681 ccre,
138 1618 187 1688 qui
199 1617 274 1670 missi
285 1625 368 1680 erant,
380 1615 533 1687 exemplum
544 1634 635 1670 suum.

113 1694 156 1744 60.
178 1689 307 1746 Obsessos
321 1691 385 1746 binc
397 1692 472 1757 tides,
493 1691 676 1762 indeegestes,
697 1691 765 1744 iuter
774 1690 856 1745 decus

57 1783 88 1821 ac
98 1763 230 1837 flagitium
245 1765 435 1821 distrahebant.
475 1765 667 1821 Cunctantibus
677 1764 752 1819 solita
763 1765 856 1820 insoli-

56 1848 139 1912 taque
149 1838 273 1895 elimenta
283 1841 403 1909 deerant;
425 1840 575 1911 absumptis
588 1841 714 1895 iumentis
724 1843 856 1912 equisque

58 1923 85 1969 et
98 1916 191 1968 ceteris
206 1915 378 1980 animalibus,
394 1933 463 1987 quae
477 1915 584 1986 prolana
600 1915 726 1987 foedaque
735 1917 764 1970 in
774 1932 855 1971 usum

57 1989 203 2044 necessitas
212 1991 298 2044 vertit.
326 1990 447 2063 Virgulta
457 1999 589 2062 postremo
600 2000 626 2044 et
635 1992 731 2060 stirpes
741 1999 766 2043 et
776 1991 857 2043 inter-

58 2071 136 2118 natas
146 2065 217 2117 saxis
227 2064 322 2119 herbas
334 2065 469 2131 vellentes,
483 2067 651 2120 miseriarum
663 2065 856 2135 patientiaeque

56 2138 248 2194 documentum
263 2136 349 2195 luere:
370 2141 453 2194 donec
464 2142 597 2214 egregiam
608 2139 712 2194 laudem
724 2138 776 2191 tine
785 2137 856 2207 turpi

58 2211 232 2279 macularent,
254 2215 345 2269 missis
359 2213 392 2268 ad
403 2214 515 2270 Civilem
526 2215 628 2289 legatis,
649 2214 730 2268 uitam
741 2220 854 2266 orantes.

57 2288 153 2358 Neque
162 2294 222 2342 ente
232 2305 323 2358 preces
333 2289 474 2354 admissae,
485 2307 567 2361 quam
578 2292 606 2344 in
617 2287 697 2342 verba
708 2285 856 2341 Galliarum

56 2362 185 2417 iurarent.
219 2362 299 2428 Tum,
310 2372 403 2434 pactus
413 2364 537 2435 praedem
547 2371 704 2426 castrorum,
715 2360 760 2414 det
768 2368 857 2416 custo-

57 2437 170 2508 des,qui
181 2438 454 2508 pecuniam,caloues,
465 2440 581 2493 sarcinas
592 2442 758 2499 retentarent,
768 2452 799 2489 ac
807 2435 856 2506 qui

56 2512 132 2584 ipsos
142 2511 216 2567 leves
226 2513 353 2568 abeuntes
364 2521 594 2584 prosequerentur.
615 2509 792 2581 Adquintum
802 2508 857 2564 fere

56 2586 173 2655 lapidem
193 2590 273 2641 coorti
288 2588 414 2645 Germani
436 2588 579 2644 incautum
592 2583 876 2661 agmenahtpedxun-

44 2666 100 2775 tuq
135 2659 363 2785 Pugqqorssimus
374 2667 502 2744 quisque
511 2664 547 2722 iu
555 2664 694 2799 uestingq,
701 2652 902 2730 multirum-

92 2743 181 2781 ACITUS
229 2773 235 2786 .
