1950 3016
89 204 149 247 r.c.
163 188 213 263 ro.)
294 196 374 243 nra.
392 198 446 245 111.
466 198 553 246 car.
573 198 695 247 re-ec.
841 197 885 249 tet

88 294 889 368 sicincitts‚poqooi,quiaotiueimperotor,quoecoatrootio

88 371 240 442 recipient?
259 374 320 427 Illic
333 377 408 441 alyne
422 390 548 442 aratoque
556 382 643 427 oestro
655 382 725 438 sunt,
736 384 760 428 et
770 392 839 430 neore
848 381 889 431 oi-

89 452 150 503 ctia:
161 451 603 516 nomiqnorniniamconaumpsistia.
613 447 851 518 Undiqueclamor:
863 460 889 505 et

87 524 218 577 orientem
229 520 363 592 solemlita
374 523 401 575 in
407 520 483 594 Syria
495 538 552 575 mos
562 521 610 593 est)
618 523 721 576 tertiani
730 522 885 579 salutavere.

141 600 187 653 25.
208 597 300 669 Vagus
310 596 382 659 inde,
396 613 429 649 an
441 595 551 651 oonsilio
560 596 637 650 ducis
651 596 775 651 subditus
786 616 884 664 rumor¹

86 676 223 727 advenisse
230 672 397 738 Mucianum,⁸
409 676 540 724 concitur
549 675 658 725 invicem
666 675 800 725 salutasse.
821 672 888 726 Gra·

86 746 152 801 dum
170 744 298 808 inierunt,
314 746 392 815 quasi
407 745 556 798 recentibus
566 744 674 799 auxiliis
684 746 768 813 aucti3
789 748 887 801 rariore

86 822 139 875 iarn
155 819 361 875 Vitellianorum
380 820 445 884 acie,
465 826 496 873 ut
508 837 585 890 quoa,
606 818 680 873 nullo
691 827 797 885 rectore,
818 838 886 875 suus

86 911 227 967 quemque
241 895 348 964 inpetus
366 893 406 947 vel
427 911 509 963 pavor
528 893 690 948 contraheret
707 893 883 950 diducerotve.

86 970 233 1041 Postquam
247 967 369 1039 inpulsos
384 969 467 1021 sensit
478 967 618 1031 Antonius,
630 968 713 1024 denso
722 970 829 1041 agmine
837 970 885 1025 ob-

86 1044 220 1099 turbabat.
259 1043 352 1097 Laxati
365 1042 472 1097 ordines
486 1042 694 1113 abrumpunlur:
719 1061 768 1098 neo
781 1045 883 1099 restitui

86 1121 208 1191 quivere,
230 1117 428 1189 inpedientibus
447 1116 577 1171 vehiculis
596 1119 794 1189 tormentisque.
834 1120 883 1172 Per

86 1192 200 1247 limitem
215 1194 275 1246 viae
288 1199 459 1263 sparguntur,
477 1191 640 1246 festinatione
654 1193 830 1257 consectandi,
841 1195 884 1247 vi-

86 1277 180 1323 ctores.
220 1267 259 1321 Eo
273 1265 412 1321 notabilior
428 1265 519 1320 caedes
534 1264 595 1331 luit,
615 1268 678 1337 quia
691 1266 762 1319 filius
781 1275 882 1336 patrem

85 1341 226 1396 interiecit.
264 1341 331 1394 Rem
341 1341 511 1410 nominaque,
523 1348 628 1394 auctore
637 1341 764 1409 Vipstano
773 1340 883 1394 Messal-

85 1415 119 1481 la,
130 1417 245 1470 tradam.
285 1415 370 1469 lulius
379 1416 534 1469 Mansuetus
544 1432 578 1467 ex
588 1414 723 1483 Hispania,
738 1413 835 1483 Rapaci
847 1412 883 1466 le-

84 1491 158 1563 gioni
172 1490 288 1554 additus,
305 1490 433 1559 inpubem
444 1488 530 1543 lilium
540 1489 612 1542 domi
624 1487 745 1558 liqueret.
785 1488 882 1541 lsmox

84 1564 204 1629 adultus,
217 1564 284 1617 inter
293 1565 453 1634 septimanos
463 1581 478 1616 a
489 1562 573 1618 Galba
583 1560 882 1632 conscriptus‚oblatum

84 1638 149 1695 lcrte
170 1646 272 1709 patrem
293 1646 318 1692 et
336 1638 446 1692 vulnere
465 1647 591 1702 stratum,
612 1637 677 1691 dum
696 1636 880 1690 semianimem

84 1722 229 1776 scrutatur,
240 1713 347 1784 agnitus
357 1729 557 1784 agnoscensque
568 1721 592 1766 et
605 1728 767 1784 exsanguem
780 1710 882 1782 emple-

84 1805 146 1853 xus‚
158 1804 224 1842 voce
233 1785 314 1840 flebili
325 1787 480 1857 precabatur
486 1792 573 1854 piatos
581 1792 666 1854 patria
674 1788 773 1850 lionae,
784 1804 845 1841 risve
854 1805 881 1840 aa

83 1871 112 1915 ut
126 1865 295 1930 parricidam
310 1870 507 1915 aversarentur:
534 1864 667 1929 publicum
680 1864 708 1914 id
721 1866 837 1931 {ocinum
857 1871 881 1915 et

83 1954 164 1989 onum
173 1939 282 1989 militem
291 1945 395 2003 quotam
406 1938 520 1989 civilium
529 1935 783 2003 armorumportem?
793 1935 879 1989 Simul

83 2009 209 2064 adtollere
218 2026 325 2080 corpus,
337 2011 438 2080 aperire
447 2009 571 2074 humum,
581 2027 705 2080 supremo
714 2027 775 2083 erga
784 2026 880 2080 parcn-

83 2092 137 2138 tem
149 2083 239 2139 olficio
253 2083 339 2156 iungi.
379 2083 520 2138 Advertere
532 2085 657 2155 proximi,
668 2085 763 2139 deinde
771 2082 876 2154 plures:

82 2156 147 2213 bino
155 2175 205 2229 per
214 2174 321 2213 ornnem
332 2160 413 2212 aciem
426 2159 584 2215 miraculum
594 2166 735 2229 etquestus
744 2165 769 2210 et
779 2158 880 2209 saevis-

82 2234 146 2287 simi
158 2232 223 2287 belli
234 2234 386 2289 exsecratio.
424 2234 479 2286 Neo
488 2250 518 2287 eo
528 2235 637 2306 segnius
648 2234 821 2303 propinquos,
833 2229 880 2282 ad-

81 2305 159 2372 fines,
182 2306 275 2361 fratres
295 2307 436 2362 trucidatos
456 2307 582 2378 spoliant:
608 2306 705 2361 lactum
720 2321 778 2358 esse
791 2302 878 2357 scelus

81 2380 230 2454 loquuntur
241 2380 402 2451 iaciuntque.

135 2460 180 2513 26.
202 2456 237 2510 Ut
255 2455 412 2511 Cremonam
425 2471 531 2518 venere,
552 2471 652 2509 novum
672 2448 878 2522 inmensumque

80 2548 149 2603 opus
174 2532 300 2586 occurrit.
340 2528 487 2584 Othoniano
509 2528 579 2583 bello
603 2526 780 2581 Germanicus
800 2526 883 2580 miles

77 2605 221 2659 moremus
239 2602 459 2660 Cremonensium
480 2613 570 2662 castra
590 2622 655 2672 sua,
672 2602 773 2659 cestris
789 2601 904 2657 uallum

63 2676 280 2730 dormierant:
288 2692 377 2752 eaque
385 2681 572 2743 munimenta
582 2701 689 2743 rursus
696 2687 832 2739 auxerat.
837 2677 924 2746 Que-
