<?xml version="1.0" encoding="UTF-8"?>
<!DOCTYPE html PUBLIC "-//W3C//DTD XHTML 1.0 Transitional//EN"
    "http://www.w3.org/TR/xhtml1/DTD/xhtml1-transitional.dtd">
<html xmlns="http://www.w3.org/1999/xhtml" xml:lang="en" lang="en">
 <head>
  <title>
</title>
<meta http-equiv="Content-Type" content="text/html;charset=utf-8" />
  <meta name='ocr-system' content='tesseract 3.04.00' />
  <meta name='ocr-capabilities' content='ocr_page ocr_carea ocr_par ocr_line ocrx_word'/>
</head>
<body>
  <div class='ocr_page' id='page_1' title='image "./ccorneliitaciti00weisgoog_0326.png"; bbox 0 0 1950 3016; ppageno 0'>
   <div class='ocr_carea' id='block_1_1' title="bbox 275 122 887 179">
    <p class='ocr_par' dir='ltr' id='par_1_1' title="bbox 275 122 887 179">
     <span class='ocr_line' id='line_1_1' title="bbox 275 122 887 179; baseline 0.015 -11"><span class='ocrx_word' id='word_1_1' title='bbox 275 122 482 173; x_wconf 73' lang='lat' dir='ltr'><strong>DlALOGUS.</strong></span> <span class='ocrx_word' id='word_1_2' title='bbox 502 126 582 175; x_wconf 74' lang='lat' dir='ltr'>CAP.</span> <span class='ocrx_word' id='word_1_3' title='bbox 600 124 647 174; x_wconf 54' lang='grc' dir='ltr'><strong>ἢ·</strong></span> <span class='ocrx_word' id='word_1_4' title='bbox 661 127 702 174; x_wconf 74' lang='grc'><strong>24.</strong></span> <span class='ocrx_word' id='word_1_5' title='bbox 838 122 887 179; x_wconf 71' lang='lat'><strong>323</strong></span> 
     </span>
    </p>
   </div>
   <div class='ocr_carea' id='block_1_2' title="bbox 74 223 933 2770">
    <p class='ocr_par' dir='ltr' id='par_1_2' title="bbox 91 223 905 2558">
     <span class='ocr_line' id='line_1_2' title="bbox 148 223 886 298; baseline 0.005 -18"><span class='ocrx_word' id='word_1_6' title='bbox 148 225 191 280; x_wconf 78' lang='lat'><strong>23.</strong></span> <span class='ocrx_word' id='word_1_7' title='bbox 212 223 278 279; x_wconf 91' lang='lat' dir='ltr'><strong>Nolo</strong></span> <span class='ocrx_word' id='word_1_8' title='bbox 289 225 405 280; x_wconf 81' lang='lat' dir='ltr'>inridere</span> <span class='ocrx_word' id='word_1_9' title='bbox 417 236 503 283; x_wconf 85' lang='lat' dir='ltr'><strong>rotam</strong></span> <span class='ocrx_word' id='word_1_10' title='bbox 511 233 639 298; x_wconf 70' lang='lat' dir='ltr'><strong>(ortum,</strong></span> <span class='ocrx_word' id='word_1_11' title='bbox 653 236 679 283; x_wconf 86' lang='lat' dir='ltr'><strong>st</strong></span> <span class='ocrx_word' id='word_1_12' title='bbox 687 232 729 284; x_wconf 77' lang='lat' dir='ltr'><strong>ius</strong></span> <span class='ocrx_word' id='word_1_13' title='bbox 742 228 886 294; x_wconf 78' lang='lat' dir='ltr'><strong>Verrinam,</strong></span> 
     </span>
     <span class='ocr_line' id='line_1_3' title="bbox 93 297 887 374; baseline 0.009 -22"><span class='ocrx_word' id='word_1_14' title='bbox 93 305 119 353; x_wconf 90' lang='lat' dir='ltr'><strong>et</strong></span> <span class='ocrx_word' id='word_1_15' title='bbox 133 297 210 362; x_wconf 91' lang='lat' dir='ltr'><strong>illud,</strong></span> <span class='ocrx_word' id='word_1_16' title='bbox 231 301 306 354; x_wconf 87' lang='lat' dir='ltr'><strong>tertio</strong></span> <span class='ocrx_word' id='word_1_17' title='bbox 321 319 430 374; x_wconf 87' lang='lat' dir='ltr'><strong>quoque</strong></span> <span class='ocrx_word' id='word_1_18' title='bbox 443 319 525 357; x_wconf 89' lang='lat' dir='ltr'><strong>sensu</strong></span> <span class='ocrx_word' id='word_1_19' title='bbox 539 305 568 359; x_wconf 89' lang='lat' dir='ltr'><strong>in</strong></span> <span class='ocrx_word' id='word_1_20' title='bbox 581 303 707 358; x_wconf 91' lang='lat' dir='ltr'><strong>omnibus</strong></span> <span class='ocrx_word' id='word_1_21' title='bbox 725 304 887 360; x_wconf 87' lang='lat' dir='ltr'><strong>orationibus</strong></span> 
     </span>
     <span class='ocr_line' id='line_1_4' title="bbox 94 377 888 447; baseline 0.009 -19"><span class='ocrx_word' id='word_1_22' title='bbox 94 390 142 446; x_wconf 92' lang='lat' dir='ltr'><strong>pro</strong></span> <span class='ocrx_word' id='word_1_23' title='bbox 150 377 278 429; x_wconf 89' lang='lat' dir='ltr'><strong>sententia</strong></span> <span class='ocrx_word' id='word_1_24' title='bbox 288 377 404 447; x_wconf 91' lang='lat' dir='ltr'><strong>positum</strong></span> <span class='ocrx_word' id='word_1_25' title='bbox 415 395 468 432; x_wconf 77' lang='lat' dir='ltr'><strong>aare</strong></span> <span class='ocrx_word' id='word_1_26' title='bbox 475 383 603 434; x_wconf 82' lang='lat' dir='ltr'><strong>videatur.</strong></span> <span class='ocrx_word' id='word_1_27' title='bbox 642 379 709 433; x_wconf 90' lang='lat' dir='ltr'><strong>Nam</strong></span> <span class='ocrx_word' id='word_1_28' title='bbox 724 387 749 433; x_wconf 86' lang='lat' dir='ltr'><strong>st</strong></span> <span class='ocrx_word' id='word_1_29' title='bbox 759 379 888 435; x_wconf 85' lang='lat' dir='ltr'><strong>booinvi-</strong></span> 
     </span>
     <span class='ocr_line' id='line_1_5' title="bbox 93 449 888 526; baseline 0.008 -23"><span class='ocrx_word' id='word_1_30' title='bbox 93 457 138 503; x_wconf 87' lang='lat' dir='ltr'><strong>tus</strong></span> <span class='ocrx_word' id='word_1_31' title='bbox 155 449 243 515; x_wconf 90' lang='lat' dir='ltr'><strong>retuli,</strong></span> <span class='ocrx_word' id='word_1_32' title='bbox 263 458 288 505; x_wconf 88' lang='lat' dir='ltr'><strong>et</strong></span> <span class='ocrx_word' id='word_1_33' title='bbox 305 451 381 522; x_wconf 90' lang='lat' dir='ltr'><strong>plura</strong></span> <span class='ocrx_word' id='word_1_34' title='bbox 399 454 488 518; x_wconf 90' lang='lat' dir='ltr'><strong>omisi,</strong></span> <span class='ocrx_word' id='word_1_35' title='bbox 509 471 578 526; x_wconf 83' lang='lat' dir='ltr'><strong>quae</strong></span> <span class='ocrx_word' id='word_1_36' title='bbox 592 461 680 509; x_wconf 87' lang='lat' dir='ltr'><strong>tamen</strong></span> <span class='ocrx_word' id='word_1_37' title='bbox 694 452 748 508; x_wconf 92' lang='lat' dir='ltr'><strong>sola</strong></span> <span class='ocrx_word' id='word_1_38' title='bbox 757 456 888 509; x_wconf 75' lang='lat' dir='ltr'><strong>ninantur</strong></span> 
     </span>
     <span class='ocr_line' id='line_1_6' title="bbox 93 527 886 601; baseline 0.01 -23"><span class='ocrx_word' id='word_1_39' title='bbox 93 533 174 596; x_wconf 89' lang='lat' dir='ltr'><strong>atque</strong></span> <span class='ocrx_word' id='word_1_40' title='bbox 192 527 345 597; x_wconf 85' lang='lat' dir='ltr'><strong>exprimunt</strong></span> <span class='ocrx_word' id='word_1_41' title='bbox 363 527 401 594; x_wconf 88' lang='lat' dir='ltr'><strong>hi,</strong></span> <span class='ocrx_word' id='word_1_42' title='bbox 422 530 470 600; x_wconf 91' lang='lat' dir='ltr'><strong>qui</strong></span> <span class='ocrx_word' id='word_1_43' title='bbox 484 547 513 584; x_wconf 88' lang='lat' dir='ltr'><strong>sa</strong></span> <span class='ocrx_word' id='word_1_44' title='bbox 527 530 650 601; x_wconf 89' lang='lat' dir='ltr'><strong>antiquos</strong></span> <span class='ocrx_word' id='word_1_45' title='bbox 661 538 886 586; x_wconf 80' lang='lat' dir='ltr'><strong>oratorssvocant.</strong></span> 
     </span>
     <span class='ocr_line' id='line_1_7' title="bbox 93 600 889 678; baseline 0.005 -23"><span class='ocrx_word' id='word_1_46' title='bbox 93 600 234 655; x_wconf 83' lang='lat' dir='ltr'><strong>Neminem</strong></span> <span class='ocrx_word' id='word_1_47' title='bbox 244 602 395 668; x_wconf 83' lang='lat' dir='ltr'><strong>nominabo,</strong></span> <span class='ocrx_word' id='word_1_48' title='bbox 405 620 492 676; x_wconf 83' lang='lat' dir='ltr'><strong>genus</strong></span> <span class='ocrx_word' id='word_1_49' title='bbox 502 604 643 660; x_wconf 89' lang='lat' dir='ltr'><strong>bominum</strong></span> <span class='ocrx_word' id='word_1_50' title='bbox 653 604 889 678; x_wconf 80' lang='lat' dir='ltr'><strong>signitioasssoon-</strong></span> 
     </span>
     <span class='ocr_line' id='line_1_8' title="bbox 93 677 889 752; baseline 0.006 -23"><span class='ocrx_word' id='word_1_51' title='bbox 93 683 196 730; x_wconf 87' lang='lat' dir='ltr'><strong>tentus:</strong></span> <span class='ocrx_word' id='word_1_52' title='bbox 226 677 272 731; x_wconf 81' lang='lat' dir='ltr'><strong>sed</strong></span> <span class='ocrx_word' id='word_1_53' title='bbox 285 678 361 732; x_wconf 86' lang='lat' dir='ltr'><strong>vobis</strong></span> <span class='ocrx_word' id='word_1_54' title='bbox 377 680 471 751; x_wconf 85' lang='lat' dir='ltr'><strong>utique</strong></span> <span class='ocrx_word' id='word_1_55' title='bbox 484 688 624 735; x_wconf 81' lang='lat' dir='ltr'><strong>versantur</strong></span> <span class='ocrx_word' id='word_1_56' title='bbox 642 688 703 735; x_wconf 88' lang='lat' dir='ltr'><strong>ante</strong></span> <span class='ocrx_word' id='word_1_57' title='bbox 720 679 820 745; x_wconf 85' lang='lat' dir='ltr'><strong>oeulos,</strong></span> <span class='ocrx_word' id='word_1_58' title='bbox 839 680 889 752; x_wconf 92' lang='lat' dir='ltr'><strong>qui</strong></span> 
     </span>
     <span class='ocr_line' id='line_1_9' title="bbox 92 749 889 829; baseline 0.005 -24"><span class='ocrx_word' id='word_1_59' title='bbox 92 749 228 805; x_wconf 80' lang='lat' dir='ltr'><strong>Lucilium</strong></span> <span class='ocrx_word' id='word_1_60' title='bbox 243 769 291 822; x_wconf 87' lang='lat' dir='ltr'><strong>pro</strong></span> <span class='ocrx_word' id='word_1_61' title='bbox 304 753 417 819; x_wconf 87' lang='lat' dir='ltr'><strong>lloratio,</strong></span> <span class='ocrx_word' id='word_1_62' title='bbox 438 761 463 809; x_wconf 88' lang='lat' dir='ltr'><strong>et</strong></span> <span class='ocrx_word' id='word_1_63' title='bbox 479 754 631 810; x_wconf 88' lang='lat' dir='ltr'><strong>Lucretium</strong></span> <span class='ocrx_word' id='word_1_64' title='bbox 645 772 694 826; x_wconf 88' lang='lat' dir='ltr'><strong>pro</strong></span> <span class='ocrx_word' id='word_1_65' title='bbox 707 755 829 829; x_wconf 78' lang='lat' dir='ltr'><strong>Virgilio,</strong></span> <span class='ocrx_word' id='word_1_66' title='bbox 851 754 889 809; x_wconf 88' lang='lat' dir='ltr'><strong>le-</strong></span> 
     </span>
     <span class='ocr_line' id='line_1_10' title="bbox 92 827 890 900; baseline 0.006 -21"><span class='ocrx_word' id='word_1_67' title='bbox 92 833 175 898; x_wconf 79' lang='lat' dir='ltr'><strong>gunt3</strong></span> <span class='ocrx_word' id='word_1_68' title='bbox 196 827 296 898; x_wconf 86' lang='lat' dir='ltr'><strong>quibus</strong></span> <span class='ocrx_word' id='word_1_69' title='bbox 306 827 453 900; x_wconf 87' lang='lat' dir='ltr'><strong>eloquentia</strong></span> <span class='ocrx_word' id='word_1_70' title='bbox 464 828 563 885; x_wconf 79' lang='lat' dir='ltr'><strong>Aufidii</strong></span> <span class='ocrx_word' id='word_1_71' title='bbox 572 831 658 895; x_wconf 87' lang='lat' dir='ltr'><strong>Bassi,</strong></span> <span class='ocrx_word' id='word_1_72' title='bbox 668 838 714 885; x_wconf 88' lang='lat' dir='ltr'><strong>aut</strong></span> <span class='ocrx_word' id='word_1_73' title='bbox 723 829 890 886; x_wconf 84' lang='lat' dir='ltr'><strong>ServiliiNo·</strong></span> 
     </span>
     <span class='ocr_line' id='line_1_11' title="bbox 93 902 886 974; baseline 0.005 -17"><span class='ocrx_word' id='word_1_74' title='bbox 93 902 178 966; x_wconf 89' lang='lat' dir='ltr'><strong>niani,</strong></span> <span class='ocrx_word' id='word_1_75' title='bbox 195 917 228 956; x_wconf 82' lang='lat' dir='ltr'><strong>ax</strong></span> <span class='ocrx_word' id='word_1_76' title='bbox 242 905 435 974; x_wconf 84' lang='lat' dir='ltr'><strong>oomparatione</strong></span> <span class='ocrx_word' id='word_1_77' title='bbox 448 903 575 959; x_wconf 80' lang='lat' dir='ltr'><strong>Sisennae</strong></span> <span class='ocrx_word' id='word_1_78' title='bbox 585 914 630 960; x_wconf 90' lang='lat' dir='ltr'><strong>aut</strong></span> <span class='ocrx_word' id='word_1_79' title='bbox 639 906 774 971; x_wconf 84' lang='lat' dir='ltr'><strong>Varronis,</strong></span> <span class='ocrx_word' id='word_1_80' title='bbox 786 905 886 974; x_wconf 87' lang='lat' dir='ltr'><strong>sordet,</strong></span> 
     </span>
     <span class='ocr_line' id='line_1_12' title="bbox 92 975 889 1050; baseline 0.008 -21"><span class='ocrx_word' id='word_1_81' title='bbox 92 977 141 1050; x_wconf 90' lang='lat' dir='ltr'><strong>qui</strong></span> <span class='ocrx_word' id='word_1_82' title='bbox 152 975 287 1031; x_wconf 86' lang='lat' dir='ltr'><strong>rhetorum</strong></span> <span class='ocrx_word' id='word_1_83' title='bbox 297 987 446 1034; x_wconf 87' lang='lat' dir='ltr'><strong>nostrorum</strong></span> <span class='ocrx_word' id='word_1_84' title='bbox 457 982 658 1037; x_wconf 76' lang='lat' dir='ltr'><strong>commentarios</strong></span> <span class='ocrx_word' id='word_1_85' title='bbox 668 979 814 1046; x_wconf 84' lang='lat' dir='ltr'><strong>fastidiunt,</strong></span> <span class='ocrx_word' id='word_1_86' title='bbox 826 981 889 1037; x_wconf 87' lang='lat' dir='ltr'><strong>ode·</strong></span> 
     </span>
     <span class='ocr_line' id='line_1_13' title="bbox 92 1050 888 1128; baseline 0.005 -22"><span class='ocrx_word' id='word_1_87' title='bbox 92 1060 166 1113; x_wconf 87' lang='lat' dir='ltr'><strong>runt,</strong></span> <span class='ocrx_word' id='word_1_88' title='bbox 174 1050 248 1107; x_wconf 89' lang='lat' dir='ltr'><strong>Calvi</strong></span> <span class='ocrx_word' id='word_1_89' title='bbox 258 1054 401 1110; x_wconf 89' lang='lat' dir='ltr'><strong>mirantur:</strong></span> <span class='ocrx_word' id='word_1_90' title='bbox 422 1073 501 1127; x_wconf 89' lang='lat' dir='ltr'><strong>quos,</strong></span> <span class='ocrx_word' id='word_1_91' title='bbox 512 1073 585 1112; x_wconf 90' lang='lat' dir='ltr'><strong>more</strong></span> <span class='ocrx_word' id='word_1_92' title='bbox 595 1058 682 1128; x_wconf 88' lang='lat' dir='ltr'><strong>prisoo</strong></span> <span class='ocrx_word' id='word_1_93' title='bbox 691 1057 763 1128; x_wconf 90' lang='lat' dir='ltr'><strong>apud</strong></span> <span class='ocrx_word' id='word_1_94' title='bbox 772 1056 888 1111; x_wconf 86' lang='lat' dir='ltr'><strong>iudioem</strong></span> 
     </span>
     <span class='ocr_line' id='line_1_14' title="bbox 92 1125 890 1203; baseline 0.005 -21"><span class='ocrx_word' id='word_1_95' title='bbox 92 1125 251 1193; x_wconf 78' lang='lat' dir='ltr'><strong>fabulantes,</strong></span> <span class='ocrx_word' id='word_1_96' title='bbox 267 1146 319 1185; x_wconf 90' lang='lat' dir='ltr'><strong>non</strong></span> <span class='ocrx_word' id='word_1_97' title='bbox 335 1129 466 1185; x_wconf 86' lang='lat' dir='ltr'><strong>auditores</strong></span> <span class='ocrx_word' id='word_1_98' title='bbox 476 1139 636 1203; x_wconf 85' lang='lat' dir='ltr'><strong>sequuntur,</strong></span> <span class='ocrx_word' id='word_1_99' title='bbox 651 1149 704 1186; x_wconf 92' lang='lat' dir='ltr'><strong>non</strong></span> <span class='ocrx_word' id='word_1_100' title='bbox 714 1132 830 1202; x_wconf 92' lang='lat' dir='ltr'><strong>populus</strong></span> <span class='ocrx_word' id='word_1_101' title='bbox 840 1150 890 1186; x_wconf 90' lang='lat' dir='ltr'><strong>au·</strong></span> 
     </span>
     <span class='ocr_line' id='line_1_15' title="bbox 92 1203 889 1278; baseline 0.003 -19"><span class='ocrx_word' id='word_1_102' title='bbox 92 1203 142 1267; x_wconf 92' lang='lat' dir='ltr'><strong>dit,</strong></span> <span class='ocrx_word' id='word_1_103' title='bbox 155 1203 202 1257; x_wconf 89' lang='lat' dir='ltr'><strong>vix</strong></span> <span class='ocrx_word' id='word_1_104' title='bbox 211 1204 326 1275; x_wconf 84' lang='lat' dir='ltr'><strong>denique</strong></span> <span class='ocrx_word' id='word_1_105' title='bbox 336 1203 449 1278; x_wconf 80' lang='lat' dir='ltr'><strong>litigator</strong></span> <span class='ocrx_word' id='word_1_106' title='bbox 458 1207 616 1276; x_wconf 89' lang='lat' dir='ltr'><strong>perpetitur:</strong></span> <span class='ocrx_word' id='word_1_107' title='bbox 636 1206 701 1261; x_wconf 86' lang='lat' dir='ltr'><strong>adeo</strong></span> <span class='ocrx_word' id='word_1_108' title='bbox 710 1207 803 1261; x_wconf 87' lang='lat' dir='ltr'><strong>moesti</strong></span> <span class='ocrx_word' id='word_1_109' title='bbox 813 1214 839 1260; x_wconf 93' lang='lat' dir='ltr'><strong>et</strong></span> <span class='ocrx_word' id='word_1_110' title='bbox 848 1207 889 1261; x_wconf 92' lang='lat' dir='ltr'><strong>in-</strong></span> 
     </span>
     <span class='ocr_line' id='line_1_16' title="bbox 92 1277 890 1350; baseline 0.003 -17"><span class='ocrx_word' id='word_1_111' title='bbox 92 1278 159 1333; x_wconf 89' lang='lat' dir='ltr'><strong>oulti</strong></span> <span class='ocrx_word' id='word_1_112' title='bbox 171 1277 243 1332; x_wconf 86' lang='lat' dir='ltr'><strong>illam</strong></span> <span class='ocrx_word' id='word_1_113' title='bbox 255 1280 351 1349; x_wconf 88' lang='lat' dir='ltr'><strong>ipsam,</strong></span> <span class='ocrx_word' id='word_1_114' title='bbox 374 1297 455 1350; x_wconf 88' lang='lat' dir='ltr'><strong>quarn</strong></span> <span class='ocrx_word' id='word_1_115' title='bbox 467 1281 572 1343; x_wconf 88' lang='lat' dir='ltr'><strong>iactant,</strong></span> <span class='ocrx_word' id='word_1_116' title='bbox 593 1282 731 1335; x_wconf 89' lang='lat' dir='ltr'><strong>sanitatem</strong></span> <span class='ocrx_word' id='word_1_117' title='bbox 741 1298 794 1335; x_wconf 93' lang='lat' dir='ltr'><strong>non</strong></span> <span class='ocrx_word' id='word_1_118' title='bbox 805 1280 890 1335; x_wconf 83' lang='lat' dir='ltr'><strong>firmi·</strong></span> 
     </span>
     <span class='ocr_line' id='line_1_17' title="bbox 92 1354 889 1426; baseline -0.001 -17"><span class='ocrx_word' id='word_1_119' title='bbox 92 1361 154 1418; x_wconf 84' lang='lat' dir='ltr'><strong>tate,</strong></span> <span class='ocrx_word' id='word_1_120' title='bbox 176 1354 223 1408; x_wconf 92' lang='lat' dir='ltr'><strong>sed</strong></span> <span class='ocrx_word' id='word_1_121' title='bbox 236 1355 336 1409; x_wconf 92' lang='lat' dir='ltr'><strong>ieiunio</strong></span> <span class='ocrx_word' id='word_1_122' title='bbox 351 1362 560 1426; x_wconf 87' lang='lat' dir='ltr'><strong>oonsequuntur.</strong></span> <span class='ocrx_word' id='word_1_123' title='bbox 599 1356 680 1410; x_wconf 89' lang='lat' dir='ltr'><strong>Porro</strong></span> <span class='ocrx_word' id='word_1_124' title='bbox 693 1372 728 1410; x_wconf 87' lang='lat' dir='ltr'><strong>ua</strong></span> <span class='ocrx_word' id='word_1_125' title='bbox 740 1355 769 1410; x_wconf 90' lang='lat' dir='ltr'><strong>iu</strong></span> <span class='ocrx_word' id='word_1_126' title='bbox 782 1372 889 1426; x_wconf 85' lang='lat' dir='ltr'><strong>corpora</strong></span> 
     </span>
     <span class='ocr_line' id='line_1_18' title="bbox 92 1428 890 1502; baseline 0.003 -20"><span class='ocrx_word' id='word_1_127' title='bbox 92 1428 204 1502; x_wconf 88' lang='lat' dir='ltr'><strong>quidem</strong></span> <span class='ocrx_word' id='word_1_128' title='bbox 218 1429 396 1484; x_wconf 83' lang='lat' dir='ltr'><strong>valetudinem</strong></span> <span class='ocrx_word' id='word_1_129' title='bbox 411 1429 507 1484; x_wconf 86' lang='lat' dir='ltr'><strong>medici</strong></span> <span class='ocrx_word' id='word_1_130' title='bbox 524 1431 644 1501; x_wconf 88' lang='lat' dir='ltr'><strong>probant,</strong></span> <span class='ocrx_word' id='word_1_131' title='bbox 660 1447 729 1502; x_wconf 88' lang='lat' dir='ltr'><strong>quae</strong></span> <span class='ocrx_word' id='word_1_132' title='bbox 747 1431 829 1485; x_wconf 77' lang='lat' dir='ltr'><strong>animi</strong></span> <span class='ocrx_word' id='word_1_133' title='bbox 841 1446 890 1484; x_wconf 85' lang='lat' dir='ltr'><strong>au·</strong></span> 
     </span>
     <span class='ocr_line' id='line_1_19' title="bbox 91 1503 889 1579; baseline -0.004 -18"><span class='ocrx_word' id='word_1_134' title='bbox 91 1506 190 1561; x_wconf 84' lang='lat' dir='ltr'><strong>x&#39;ietate</strong></span> <span class='ocrx_word' id='word_1_135' title='bbox 199 1506 286 1560; x_wconf 84' lang='lat' dir='ltr'><strong>contin</strong></span> <span class='ocrx_word' id='word_1_136' title='bbox 306 1514 340 1559; x_wconf 89' lang='lat' dir='ltr'><strong>at.</strong></span> <span class='ocrx_word' id='word_1_137' title='bbox 361 1506 459 1561; x_wconf 83' lang='lat' dir='ltr'><strong>Parum</strong></span> <span class='ocrx_word' id='word_1_138' title='bbox 469 1513 518 1570; x_wconf 87' lang='lat' dir='ltr'><strong>est,</strong></span> <span class='ocrx_word' id='word_1_139' title='bbox 530 1523 640 1579; x_wconf 85' lang='lat' dir='ltr'><strong>aegrum</strong></span> <span class='ocrx_word' id='word_1_140' title='bbox 649 1524 702 1561; x_wconf 92' lang='lat' dir='ltr'><strong>non</strong></span> <span class='ocrx_word' id='word_1_141' title='bbox 712 1522 784 1561; x_wconf 85' lang='lat' dir='ltr'><strong>esse:</strong></span> <span class='ocrx_word' id='word_1_142' title='bbox 797 1503 889 1560; x_wconf 85' lang='lat' dir='ltr'><strong>iortem</strong></span> 
     </span>
     <span class='ocr_line' id='line_1_20' title="bbox 94 1522 887 1652; baseline 0.001 -18"><span class='ocrx_word' id='word_1_143' title='bbox 94 1589 120 1635; x_wconf 88' lang='lat' dir='ltr'><strong>et</strong></span> <span class='ocrx_word' id='word_1_144' title='bbox 130 1580 227 1634; x_wconf 90' lang='lat' dir='ltr'><strong>laetum</strong></span> <span class='ocrx_word' id='word_1_145' title='bbox 238 1589 264 1634; x_wconf 90' lang='lat' dir='ltr'><strong>et</strong></span> <span class='ocrx_word' id='word_1_146' title='bbox 274 1522 385 1635; x_wconf 72' lang='lat' dir='ltr'><strong>alacrem</strong></span> <span class='ocrx_word' id='word_1_147' title='bbox 396 1580 465 1636; x_wconf 86' lang='lat' dir='ltr'><strong>volo.</strong></span> <span class='ocrx_word' id='word_1_148' title='bbox 505 1581 588 1652; x_wconf 88' lang='lat' dir='ltr'><strong>Prope</strong></span> <span class='ocrx_word' id='word_1_149' title='bbox 599 1581 673 1636; x_wconf 87' lang='lat' dir='ltr'><strong>abest</strong></span> <span class='ocrx_word' id='word_1_150' title='bbox 681 1581 715 1636; x_wconf 87' lang='lat' dir='ltr'><strong>ab</strong></span> <span class='ocrx_word' id='word_1_151' title='bbox 724 1580 887 1646; x_wconf 85' lang='lat' dir='ltr'><strong>infirmitate,</strong></span> 
     </span>
     <span class='ocr_line' id='line_1_21' title="bbox 92 1655 887 1728; baseline -0.003 -17"><span class='ocrx_word' id='word_1_152' title='bbox 92 1657 188 1728; x_wconf 88' lang='lat' dir='ltr'><strong>inquo</strong></span> <span class='ocrx_word' id='word_1_153' title='bbox 203 1655 257 1710; x_wconf 91' lang='lat' dir='ltr'><strong>sola</strong></span> <span class='ocrx_word' id='word_1_154' title='bbox 266 1657 365 1711; x_wconf 87' lang='lat' dir='ltr'><strong>sanitas</strong></span> <span class='ocrx_word' id='word_1_155' title='bbox 378 1655 509 1711; x_wconf 89' lang='lat' dir='ltr'><strong>laudatur.</strong></span> <span class='ocrx_word' id='word_1_156' title='bbox 548 1657 601 1713; x_wconf 88' lang='lat' dir='ltr'><strong>Vbs</strong></span> <span class='ocrx_word' id='word_1_157' title='bbox 614 1673 687 1722; x_wconf 88' lang='lat' dir='ltr'><strong>vero,</strong></span> <span class='ocrx_word' id='word_1_158' title='bbox 707 1655 887 1721; x_wconf 88' lang='lat' dir='ltr'><strong>disertissimi,</strong></span> 
     </span>
     <span class='ocr_line' id='line_1_22' title="bbox 92 1730 888 1801; baseline -0.001 -15"><span class='ocrx_word' id='word_1_159' title='bbox 92 1739 124 1786; x_wconf 87' lang='lat' dir='ltr'><strong>ut</strong></span> <span class='ocrx_word' id='word_1_160' title='bbox 144 1733 266 1801; x_wconf 87' lang='lat' dir='ltr'><strong>potestis,</strong></span> <span class='ocrx_word' id='word_1_161' title='bbox 285 1740 315 1787; x_wconf 90' lang='lat' dir='ltr'><strong>ut</strong></span> <span class='ocrx_word' id='word_1_162' title='bbox 334 1730 433 1796; x_wconf 77' lang='lat' dir='ltr'><strong>facitis,</strong></span> <span class='ocrx_word' id='word_1_163' title='bbox 454 1730 592 1787; x_wconf 86' lang='lat' dir='ltr'><strong>inlustrate</strong></span> <span class='ocrx_word' id='word_1_164' title='bbox 611 1731 748 1787; x_wconf 78' lang='lat' dir='ltr'><strong>saeculum</strong></span> <span class='ocrx_word' id='word_1_165' title='bbox 768 1742 888 1788; x_wconf 86' lang='lat' dir='ltr'><strong>nostrum</strong></span> 
     </span>
     <span class='ocr_line' id='line_1_23' title="bbox 92 1805 889 1880; baseline 0.001 -20"><span class='ocrx_word' id='word_1_166' title='bbox 92 1805 255 1878; x_wconf 85' lang='lat' dir='ltr'><strong>pulcerrimo</strong></span> <span class='ocrx_word' id='word_1_167' title='bbox 263 1824 358 1880; x_wconf 80' lang='lat' dir='ltr'><strong>genera</strong></span> <span class='ocrx_word' id='word_1_168' title='bbox 367 1807 481 1862; x_wconf 81' lang='lat' dir='ltr'><strong>diuendi.</strong></span> <span class='ocrx_word' id='word_1_169' title='bbox 521 1808 588 1863; x_wconf 88' lang='lat' dir='ltr'><strong>Nam</strong></span> <span class='ocrx_word' id='word_1_170' title='bbox 599 1817 624 1862; x_wconf 85' lang='lat' dir='ltr'><strong>et</strong></span> <span class='ocrx_word' id='word_1_171' title='bbox 634 1816 667 1873; x_wconf 88' lang='lat' dir='ltr'><strong>te,</strong></span> <span class='ocrx_word' id='word_1_172' title='bbox 679 1807 800 1873; x_wconf 88' lang='lat' dir='ltr'><strong>Messala,</strong></span> <span class='ocrx_word' id='word_1_173' title='bbox 812 1807 889 1861; x_wconf 88' lang='lat' dir='ltr'><strong>video</strong></span> 
     </span>
     <span class='ocr_line' id='line_1_24' title="bbox 94 1881 886 1955; baseline 0 -20"><span class='ocrx_word' id='word_1_174' title='bbox 94 1881 238 1936; x_wconf 82' lang='lat' dir='ltr'><strong>laetissima</strong></span> <span class='ocrx_word' id='word_1_175' title='bbox 258 1899 380 1954; x_wconf 89' lang='lat' dir='ltr'><strong>quaeque</strong></span> <span class='ocrx_word' id='word_1_176' title='bbox 399 1885 569 1955; x_wconf 85' lang='lat' dir='ltr'><strong>antiquorum</strong></span> <span class='ocrx_word' id='word_1_177' title='bbox 592 1883 754 1938; x_wconf 88' lang='lat' dir='ltr'><strong>imitantem:</strong></span> <span class='ocrx_word' id='word_1_178' title='bbox 785 1890 810 1936; x_wconf 91' lang='lat' dir='ltr'><strong>et</strong></span> <span class='ocrx_word' id='word_1_179' title='bbox 829 1898 886 1947; x_wconf 90' lang='lat' dir='ltr'><strong>vos,</strong></span> 
     </span>
     <span class='ocr_line' id='line_1_25' title="bbox 93 1956 889 2031; baseline -0.003 -19"><span class='ocrx_word' id='word_1_180' title='bbox 93 1958 210 2012; x_wconf 85' lang='lat' dir='ltr'><strong>Materne</strong></span> <span class='ocrx_word' id='word_1_181' title='bbox 223 1974 254 2011; x_wconf 90' lang='lat' dir='ltr'><strong>ao</strong></span> <span class='ocrx_word' id='word_1_182' title='bbox 267 1956 394 2022; x_wconf 85' lang='lat' dir='ltr'><strong>Secunde,</strong></span> <span class='ocrx_word' id='word_1_183' title='bbox 418 1958 452 2012; x_wconf 87' lang='lat' dir='ltr'><strong>ita</strong></span> <span class='ocrx_word' id='word_1_184' title='bbox 466 1959 587 2031; x_wconf 81' lang='lat' dir='ltr'><strong>gravitati</strong></span> <span class='ocrx_word' id='word_1_185' title='bbox 603 1976 732 2013; x_wconf 89' lang='lat' dir='ltr'><strong>sensuum</strong></span> <span class='ocrx_word' id='word_1_186' title='bbox 742 1958 853 2011; x_wconf 89' lang='lat' dir='ltr'><strong>nitorem</strong></span> <span class='ocrx_word' id='word_1_187' title='bbox 863 1963 889 2010; x_wconf 89' lang='lat' dir='ltr'><strong>et</strong></span> 
     </span>
     <span class='ocr_line' id='line_1_26' title="bbox 94 2031 888 2098; baseline -0.003 -11"><span class='ocrx_word' id='word_1_188' title='bbox 94 2032 197 2088; x_wconf 86' lang='lat' dir='ltr'><strong>cultum</strong></span> <span class='ocrx_word' id='word_1_189' title='bbox 217 2032 358 2088; x_wconf 87' lang='lat' dir='ltr'><strong>verborum</strong></span> <span class='ocrx_word' id='word_1_190' title='bbox 375 2033 500 2098; x_wconf 84' lang='lat' dir='ltr'><strong>miscetis,</strong></span> <span class='ocrx_word' id='word_1_191' title='bbox 523 2050 551 2088; x_wconf 87' lang='lat' dir='ltr'><strong>ea</strong></span> <span class='ocrx_word' id='word_1_192' title='bbox 567 2032 658 2088; x_wconf 88' lang='lat' dir='ltr'><strong>electio</strong></span> <span class='ocrx_word' id='word_1_193' title='bbox 672 2033 842 2096; x_wconf 84' lang='lat' dir='ltr'><strong>inventionis,</strong></span> <span class='ocrx_word' id='word_1_194' title='bbox 863 2031 888 2085; x_wconf 91' lang='lat' dir='ltr'><strong>is</strong></span> 
     </span>
     <span class='ocr_line' id='line_1_27' title="bbox 93 2108 889 2180; baseline -0.004 -17"><span class='ocrx_word' id='word_1_195' title='bbox 93 2108 158 2164; x_wconf 92' lang='lat' dir='ltr'><strong>ordo</strong></span> <span class='ocrx_word' id='word_1_196' title='bbox 168 2126 266 2173; x_wconf 91' lang='lat' dir='ltr'><strong>rerum,</strong></span> <span class='ocrx_word' id='word_1_197' title='bbox 279 2126 318 2173; x_wconf 89' lang='lat' dir='ltr'><strong>ea,</strong></span> <span class='ocrx_word' id='word_1_198' title='bbox 331 2109 433 2180; x_wconf 84' lang='lat' dir='ltr'><strong>quoties</strong></span> <span class='ocrx_word' id='word_1_199' title='bbox 444 2125 537 2163; x_wconf 85' lang='lat' dir='ltr'><strong>caussa</strong></span> <span class='ocrx_word' id='word_1_200' title='bbox 547 2109 639 2179; x_wconf 83' lang='lat' dir='ltr'><strong>poscit,</strong></span> <span class='ocrx_word' id='word_1_201' title='bbox 652 2108 889 2177; x_wconf 87' lang='lat' dir='ltr'><strong>ubertas,ea,quo-</strong></span> 
     </span>
     <span class='ocr_line' id='line_1_28' title="bbox 93 2181 888 2254; baseline -0.005 -16"><span class='ocrx_word' id='word_1_202' title='bbox 93 2185 163 2239; x_wconf 85' lang='lat' dir='ltr'><strong>tiens</strong></span> <span class='ocrx_word' id='word_1_203' title='bbox 173 2185 341 2254; x_wconf 86' lang='lat' dir='ltr'><strong>permittitur,</strong></span> <span class='ocrx_word' id='word_1_204' title='bbox 362 2184 487 2249; x_wconf 87' lang='lat' dir='ltr'><strong>brevitas,</strong></span> <span class='ocrx_word' id='word_1_205' title='bbox 507 2183 531 2238; x_wconf 92' lang='lat' dir='ltr'><strong>is</strong></span> <span class='ocrx_word' id='word_1_206' title='bbox 541 2183 737 2254; x_wconf 86' lang='lat' dir='ltr'><strong>compositionis</strong></span> <span class='ocrx_word' id='word_1_207' title='bbox 750 2181 836 2247; x_wconf 90' lang='lat' dir='ltr'><strong>deoor,</strong></span> <span class='ocrx_word' id='word_1_208' title='bbox 858 2197 888 2235; x_wconf 89' lang='lat' dir='ltr'><strong>ea</strong></span> 
     </span>
     <span class='ocr_line' id='line_1_29' title="bbox 94 2255 888 2330; baseline -0.005 -16"><span class='ocrx_word' id='word_1_209' title='bbox 94 2260 284 2315; x_wconf 87' lang='lat' dir='ltr'><strong>sententiarum</strong></span> <span class='ocrx_word' id='word_1_210' title='bbox 299 2259 421 2330; x_wconf 87' lang='lat' dir='ltr'><strong>plenitas,</strong></span> <span class='ocrx_word' id='word_1_211' title='bbox 442 2260 482 2314; x_wconf 87' lang='lat' dir='ltr'><strong>sic</strong></span> <span class='ocrx_word' id='word_1_212' title='bbox 494 2259 644 2328; x_wconf 83' lang='lat' dir='ltr'><strong>exprimitis</strong></span> <span class='ocrx_word' id='word_1_213' title='bbox 656 2256 783 2321; x_wconf 80' lang='lat' dir='ltr'><strong>adlectus,</strong></span> <span class='ocrx_word' id='word_1_214' title='bbox 805 2256 845 2311; x_wconf 89' lang='lat' dir='ltr'><strong>sio</strong></span> <span class='ocrx_word' id='word_1_215' title='bbox 855 2255 888 2310; x_wconf 92' lang='lat' dir='ltr'><strong>li·</strong></span> 
     </span>
     <span class='ocr_line' id='line_1_30' title="bbox 93 2330 889 2405; baseline -0.006 -14"><span class='ocrx_word' id='word_1_216' title='bbox 93 2335 220 2391; x_wconf 87' lang='lat' dir='ltr'><strong>bertatem</strong></span> <span class='ocrx_word' id='word_1_217' title='bbox 236 2338 395 2405; x_wconf 87' lang='lat' dir='ltr'><strong>temperatis,</strong></span> <span class='ocrx_word' id='word_1_218' title='bbox 417 2342 455 2400; x_wconf 88' lang='lat' dir='ltr'><strong>nt,</strong></span> <span class='ocrx_word' id='word_1_219' title='bbox 471 2335 548 2389; x_wconf 89' lang='lat' dir='ltr'><strong>etiam</strong></span> <span class='ocrx_word' id='word_1_220' title='bbox 569 2334 593 2388; x_wconf 92' lang='lat' dir='ltr'><strong>si</strong></span> <span class='ocrx_word' id='word_1_221' title='bbox 606 2341 692 2388; x_wconf 89' lang='lat' dir='ltr'><strong>nostra</strong></span> <span class='ocrx_word' id='word_1_222' title='bbox 704 2331 800 2402; x_wconf 84' lang='lat' dir='ltr'><strong>iudicia</strong></span> <span class='ocrx_word' id='word_1_223' title='bbox 810 2330 889 2386; x_wconf 89' lang='lat' dir='ltr'><strong>mali-</strong></span> 
     </span>
     <span class='ocr_line' id='line_1_31' title="bbox 93 2407 889 2484; baseline -0.003 -20"><span class='ocrx_word' id='word_1_224' title='bbox 93 2412 182 2484; x_wconf 76' lang='lat' dir='ltr'><strong>gnitas</strong></span> <span class='ocrx_word' id='word_1_225' title='bbox 191 2418 216 2464; x_wconf 91' lang='lat' dir='ltr'><strong>et</strong></span> <span class='ocrx_word' id='word_1_226' title='bbox 225 2410 325 2464; x_wconf 89' lang='lat' dir='ltr'><strong>invidia</strong></span> <span class='ocrx_word' id='word_1_227' title='bbox 337 2410 485 2475; x_wconf 76' lang='lat' dir='ltr'><strong>tardaverit,</strong></span> <span class='ocrx_word' id='word_1_228' title='bbox 497 2426 591 2463; x_wconf 86' lang='lat' dir='ltr'><strong>verum</strong></span> <span class='ocrx_word' id='word_1_229' title='bbox 600 2407 634 2463; x_wconf 87' lang='lat' dir='ltr'><strong>de</strong></span> <span class='ocrx_word' id='word_1_230' title='bbox 644 2408 719 2464; x_wconf 86' lang='lat' dir='ltr'><strong>vobis</strong></span> <span class='ocrx_word' id='word_1_231' title='bbox 729 2407 825 2463; x_wconf 84' lang='lat' dir='ltr'><strong>dicturi</strong></span> <span class='ocrx_word' id='word_1_232' title='bbox 834 2407 889 2462; x_wconf 86' lang='lat' dir='ltr'><strong>sint</strong></span> 
     </span>
     <span class='ocr_line' id='line_1_32' title="bbox 93 2485 905 2558; baseline 0.001 -18"><span class='ocrx_word' id='word_1_233' title='bbox 93 2486 191 2558; x_wconf 87' lang='lat' dir='ltr'><strong>posteri</strong></span> <span class='ocrx_word' id='word_1_234' title='bbox 201 2485 293 2540; x_wconf 90' lang='lat' dir='ltr'><strong>nostri.</strong></span> <span class='ocrx_word' id='word_1_235' title='bbox 808 2514 811 2519; x_wconf 95' lang='lat'>·</span> <span class='ocrx_word' id='word_1_236' title='bbox 839 2502 842 2507; x_wconf 88' lang='lat'>·</span> <span class='ocrx_word' id='word_1_237' title='bbox 887 2522 905 2556; x_wconf 81' lang='lat'><strong>·.</strong></span> 
     </span>
    </p>

    <p class='ocr_par' dir='ltr' id='par_1_3' title="bbox 142 2547 933 2636">
     <span class='ocr_line' id='line_1_33' title="bbox 142 2547 933 2636; baseline 0.003 -23"><span class='ocrx_word' id='word_1_238' title='bbox 142 2562 184 2614; x_wconf 69' lang='lat' dir='ltr'><strong>al.</strong></span> <span class='ocrx_word' id='word_1_239' title='bbox 207 2559 281 2626; x_wconf 85' lang='lat' dir='ltr'><strong>Quae</strong></span> <span class='ocrx_word' id='word_1_240' title='bbox 293 2577 356 2617; x_wconf 89' lang='lat' dir='ltr'><strong>oum</strong></span> <span class='ocrx_word' id='word_1_241' title='bbox 368 2559 443 2635; x_wconf 75' lang='lat' dir='ltr'><strong>Aper</strong></span> <span class='ocrx_word' id='word_1_242' title='bbox 453 2559 584 2630; x_wconf 82' lang='lat' dir='ltr'><strong>dixisset,</strong></span> <span class='ocrx_word' id='word_1_243' title='bbox 607 2547 933 2636; x_wconf 47' lang='lat' dir='ltr'><strong>ignoso&#39;xe&#39;xsusssxw</strong></span> 
     </span>
    </p>

    <p class='ocr_par' dir='ltr' id='par_1_4' title="bbox 74 2629 806 2770">
     <span class='ocr_line' id='line_1_34' title="bbox 74 2629 806 2770; baseline 0.018 -87"><span class='ocrx_word' id='word_1_244' title='bbox 74 2631 224 2697; x_wconf 76' lang='lat' dir='ltr'><strong>Maternus,</strong></span> <span class='ocrx_word' id='word_1_245' title='bbox 248 2637 308 2694; x_wconf 81' lang='lat' dir='ltr'><strong>rim</strong></span> <span class='ocrx_word' id='word_1_246' title='bbox 324 2648 351 2696; x_wconf 89' lang='lat' dir='ltr'><strong>et</strong></span> <span class='ocrx_word' id='word_1_247' title='bbox 367 2640 499 2700; x_wconf 86' lang='lat' dir='ltr'><strong>ardorem</strong></span> <span class='ocrx_word' id='word_1_248' title='bbox 518 2640 593 2717; x_wconf 64' lang='lat' dir='ltr'><strong>apri</strong></span> <span class='ocrx_word' id='word_1_249' title='bbox 600 2629 806 2770; x_wconf 44' lang='lat' dir='ltr'><strong>WQQ</strong></span> 
     </span>
    </p>
   </div>
   <div class='ocr_carea' id='block_1_3' title="bbox 0 0 980 3016">
    <p class='ocr_par' dir='ltr' id='par_1_5' title="bbox 0 0 980 3016">
     <span class='ocr_line' id='line_1_35' title="bbox 0 0 980 3016; baseline 0 0"><span class='ocrx_word' id='word_1_250' title='bbox 0 0 980 3016; x_wconf 95' lang='lat' dir='ltr'><strong> </strong></span> 
     </span>
    </p>
   </div>
  </div>
 </body>
</html>
