1950 3016
266 121 472 170 nanuoous.
492 124 572 173 cue.
594 111 635 171 ri.
656 127 696 173 aa.
829 119 878 176 att

86 223 156 279 lasso
165 229 212 287 est,
224 223 271 278 sed
283 240 391 278 ouussas
400 225 579 297 exquirimus,
594 243 662 299 quas
676 234 701 282 te
710 226 816 283 solitum
826 237 880 283 tra-

85 307 154 354 etare
173 297 262 369 paullo
283 307 342 353 ante
355 298 457 365 dixisti,
479 299 556 371 plane
570 303 657 356 mitior
673 311 699 356 et
715 301 879 374 eloquentiae

57 386 66 404 ⁴
85 373 396 447 temporum'nostrorum
407 392 460 430 non
471 377 563 442 iratus,
577 383 718 449 antequam
728 384 754 432 ts
762 380 831 449 Aper
839 377 880 433 ol·

86 450 211 514 laederet,
222 450 335 504 maiores
345 458 404 505 tuos
415 450 575 506 lacessendo.

140 525 198 578 Non
209 542 280 588 sum,
290 520 511 596 inquit,oliensus
520 527 585 598 Apri
597 527 679 582 nostri
688 526 877 598 disputatione;

87 617 136 655 neo
145 617 192 655 vos
204 598 300 654 ollendi
311 600 421 666 decebit,
438 601 538 673 siquid
549 601 613 656 lorte
622 618 700 656 aures
711 610 810 656 sestias
820 618 881 672 per·

85 676 210 748 stringet:
231 691 293 729 cum
307 676 406 741 soiatis,
427 675 496 731 hanc
508 694 567 730 esse
580 676 710 731 eiusmodi
726 694 879 732 sermonum

85 749 318 825 legemiudicium
329 751 412 805 animi
421 752 485 805 citra
494 751 622 807 damnum
631 750 748 806 adlectus
754 751 877 824 prolerre.

142 827 231 899 Perge,
242 825 331 897 inquit
341 827 484 892 Mutamus,
500 835 535 892 et,
547 845 608 882 oum
619 827 652 882 ‹le
660 829 777 900 antiquis
789 827 881 900 loqua-

85 903 135 966 ris,
146 909 219 956 utere
228 901 336 972 antiqua
346 900 474 967 libertate,
494 919 509 957 a
524 920 578 975 qua
590 903 632 959 vel
642 904 728 977 magis
737 903 880 978 degenere-

87 978 187 1042 vimus,
199 993 280 1047 quam
291 976 324 1030 ab
334 976 491 1048 eloquentia.
822 1000 830 1021 ο

142 1055 184 1109 28.
205 1052 239 1107 Et
250 1051 371 1116 Messala,
392 1054 450 1108 Non
465 1053 619 1118 reconditas,
631 1053 755 1118 Materne,
771 1071 880 1109 caussas
912 1105 915 1115 ,

86 1128 216 1200 requiris:
238 1143 287 1182 uec
300 1134 345 1181 aut
359 1128 406 1182 tibi
422 1129 483 1198 ipsi,
504 1137 549 1182 aut
560 1129 623 1182 huie
633 1128 754 1183 Secundo
766 1129 805 1183 vel
817 1130 880 1184 huic

86 1202 176 1275 Aproi
197 1211 280 1267 notas,
292 1203 395 1256 etiamsi
405 1203 473 1256 mihi
482 1210 568 1273 partes
577 1202 722 1276 adsignatis
731 1203 880 1274 proferendi

85 1279 116 1334 iu
132 1296 158 1332 m
192 1279 602 1348 ium,quueomnesseutimus.
642 1277 709 1343 Quis
719 1279 789 1332 enim
804 1281 880 1352 igno·

85 1361 137 1419 rat,
157 1361 182 1407 et
195 1352 372 1425 eloquentiam
392 1360 417 1405 et
430 1360 528 1405 ceteram
542 1360 610 1407 artes
624 1351 768 1407 descivisse
782 1353 815 1406 ab
830 1354 878 1408 ista

85 1427 275 1501 veteregloria,
289 1442 339 1481 nou
353 1427 440 1497 iuopia
454 1425 604 1491 homiuum,
616 1428 661 1481 sed
674 1427 774 1482 desidia
784 1428 880 1482 iuven-

86 1505 152 1560 tutis
162 1513 187 1558 et
196 1503 354 1575 negligentia
365 1510 504 1573 pareutum
514 1511 540 1556 et
550 1503 685 1556 inscientia
697 1503 880 1573 praecipienti-

87 1596 135 1634 um
146 1586 171 1633 et
180 1579 312 1633 oblivione
323 1579 402 1631 moris
412 1576 533 1648 antiqui?
551 1595 619 1649 quae
630 1577 707 1641 mala,
723 1578 840 1649 primum
850 1578 878 1632 in

87 1655 154 1712 urbe
173 1662 242 1717 nata,
262 1670 325 1707 mox
340 1670 386 1724 per
405 1651 505 1706 ltaliam
524 1650 592 1716 lusa,
613 1653 665 1706 iem
683 1654 711 1706 iu
730 1653 878 1723 provincias

87 1736 210 1785 manunt:
231 1745 394 1800 quamquam
406 1737 491 1781 vestra
502 1727 578 1781 vobis
589 1728 686 1782 notiora
697 1735 773 1784 sunt:
788 1744 838 1801 ego
846 1728 879 1783 de

87 1805 155 1861 urbe
169 1812 194 1859 et
208 1804 250 1858 his
263 1802 377 1874 propriis
391 1819 421 1856 ao
436 1802 583 1857 vernaoulis
597 1803 669 1857 vitiis
687 1801 789 1874 loquar,
810 1820 879 1874 quae

87 1889 163 1938 natos
182 1879 269 1934 statim
290 1879 425 1949 excipiunt
444 1887 469 1932 et
482 1877 662 1952 persingulas
675 1880 766 1932 aetatis
780 1878 878 1950 gradus

88 1954 273 2013 cumulantur:
294 1955 317 2008 si
328 1955 404 2024 prius
418 1953 451 2007 de
460 1954 598 2008 severitate
607 1970 637 2007 ao
646 1952 785 2023 disciplina
797 1954 880 2008 maio-

87 2048 149 2087 rum
159 2033 227 2085 eirea
238 2028 387 2084 educandos
397 2025 599 2100 lormandosque
609 2027 705 2083 liberos
713 2044 795 2098 pauca
802 2044 879 2097 prae-

87 2107 188 2163 dixero.
230 2105 282 2158 lam
294 2104 421 2174 primum,
433 2121 499 2157 suus
508 2105 606 2175 cuique
616 2103 697 2166 lilius,
709 2120 741 2157 ex
752 2111 821 2155 casta
833 2118 879 2172 pa-

87 2191 161 2237 rente
176 2188 262 2243 natus,
284 2197 335 2233 non
351 2181 379 2232 in
394 2177 457 2231 cella
468 2187 570 2249 emptae
580 2179 701 2240 nutricis,
722 2177 768 2231 sed
778 2178 879 2250 gremio

88 2274 119 2310 ae
128 2258 190 2310 sinu
204 2255 295 2308 metris
310 2253 484 2318 educabatur;
505 2255 582 2307 cuius
596 2253 735 2324 praecipue
746 2251 803 2306 laus
813 2261 877 2318 erat,

88 2331 157 2387 tueri
175 2329 284 2385 domum
304 2337 329 2382 et
342 2329 471 2383 inservire
488 2327 587 2382 liberis.
626 2328 779 2400 Eligebatur
790 2337 878 2382 autem

88 2406 178 2477 aliqua
189 2405 271 2459 maior
281 2412 343 2458 natu
352 2406 511 2475 propinqua,
527 2405 604 2457 cuius
615 2403 730 2474 probatis
743 2404 880 2474 spectatis-

88 2498 142 2555 que
153 2480 272 2535 moribus
283 2480 371 2534 omnis
384 2479 504 2534 eiusdem
517 2477 635 2533 familiae
641 2477 757 2533 suboles
763 2479 893 2530 eumue

83 2565 189 2619 teretur,
211 2572 298 2611 eorem
313 2572 369 2629 qua
382 2575 474 2632 neque
488 2555 583 2613 disere
596 2554 640 2611 lus
653 2562 727 2615 eret,
745 2547 923 2620 quonimus

69 2629 153 2693 “5⁶²¹‘'
169 2647 264 2704 neque
277 2631 377 2706 sitm,
392 2635 474 2714 quod
484 2635 683 2695 inhonestum
689 2616 949 2685 inanimem
