1950 3016
68 160 130 201 nc.
143 144 193 218 ro.)
273 155 352 201 rara.
371 154 422 202 ιιι
443 154 533 202 car.
554 156 594 203 er.
615 157 658 203 es.
821 150 869 201 tte

65 253 99 307 ad
110 252 288 309 deiectionem
303 256 391 320 uexit,
407 255 476 310 fretis
488 255 646 325 Vespasiani
658 254 778 327 epistolis
788 257 870 327 preti-

67 344 112 383 um
132 329 295 399 proditionis
316 338 460 385 ostentans.
500 331 621 384 Praeerat
642 330 721 385 classi
740 330 869 387 Claudius

65 402 239 474 Apollinaris,
259 422 349 476 neque
367 405 428 460 lidei
448 413 582 470 conatam,
602 415 825 476 nequestrenuus
840 407 868 460 in

64 478 193 549 perfidia:
213 486 239 533 et
248 478 365 550 Apinius
374 481 446 545 Tiro,
457 489 579 551 praetura
590 479 699 535 iunctus
707 497 738 534 ao
747 488 804 535 tum
816 479 869 534 ior-

63 560 88 607 te
97 554 247 608 Minturnis
257 572 349 627 agens,
362 555 458 610 ducem
473 573 503 610 se
513 555 691 610 defectoribus
701 554 805 609 obtulit.
846 556 869 608 Α

62 628 167 699 quibus
177 629 326 700 municipia
336 630 506 702 coloniaeque
515 629 648 700 inpulsae,
663 630 805 701 praecipuo
816 631 868 684 Pu-

64 704 230 758 teolanorum
241 705 270 758 ia
281 704 475 775 Vespasianum
485 705 583 769 studio,
595 713 684 760 contra
691 704 780 775 Capua
786 704 868 759 Vitel-

63 776 99 833 lio
118 778 187 843 fida,
211 779 403 850 municipalem
422 779 626 834 aemulationem
644 779 723 834 bellis
741 779 868 833 civilibus

64 853 223 907 miscebant.
261 853 386 909 Vitellius
405 854 549 910 Claudium
569 853 704 908 Iulianum
724 853 762 928 (is
782 871 868 926 nuper

62 926 178 982 classem
185 929 363 983 Misenensem
373 929 446 985 molli
458 930 571 1000 imperio
580 928 691 1001 rexerat)
698 929 867 999 permulcen-

62 1002 106 1057 dis
120 1002 240 1057 militum
254 1005 353 1058 animis
363 1003 468 1077 delegit.
508 1005 573 1058 Data
582 1005 611 1058 in
620 1004 754 1060 auxilium
765 1005 865 1059 urbana

62 1077 158 1131 cohors
177 1086 204 1131 et
221 1077 389 1150 gladiatores,
410 1079 512 1151 quihus
531 1078 653 1133 lulianus
665 1087 793 1150 praeerat.
835 1081 867 1133 Ut

62 1150 166 1206 conlata
180 1154 318 1224 utrimque
326 1162 421 1219 castra,
436 1153 509 1209 haud
519 1171 616 1226 magua
625 1156 791 1208 cunctatione
801 1154 867 1208 luli-

63 1244 114 1282 ano
123 1227 152 1281 in
163 1234 251 1297 partes
260 1228 415 1299 Vespasiani
426 1237 601 1301 transgresso,
609 1229 778 1281 Tarracinam
788 1246 867 1283 oceu-

63 1318 171 1371 psrere,
183 1302 324 1358 moenibus
338 1305 447 1375 situque
457 1305 554 1376 magis,
566 1318 649 1373 quam
660 1302 781 1372 ipsorum
791 1303 868 1374 inge-

63 1377 213 1431 nintutam.

116 1454 161 1505 58.
183 1449 258 1516 Quae
267 1452 315 1507 ubi
326 1452 431 1507 Vitellio
439 1451 554 1538 cognita,
570 1457 644 1521 parte
652 1450 791 1521 copiarum
800 1451 868 1503 Nar·

63 1526 124 1580 niae
138 1542 202 1580 cum
216 1526 355 1597 praelectis
370 1527 493 1598 praetorii
507 1525 608 1590 relicta,
625 1526 656 1579 L.
667 1524 804 1580 Vitellium
815 1524 867 1580 lra-

61 1609 141 1665 tram,
157 1618 221 1655 cum
237 1618 285 1657 sex
299 1602 452 1657 cohortibus
462 1609 488 1655 et
497 1601 653 1674 quingenti
664 1599 810 1672 equitibus,
826 1601 867 1654 in-

61 1676 170 1749 gruenti
181 1693 229 1746 per
238 1676 413 1747 Campaniam
424 1674 494 1731 bello
502 1676 641 1746 opposuit:
653 1676 712 1746 ipss
721 1692 799 1748 aeger
808 1677 867 1730 ani-

62 1754 111 1811 mi,
131 1751 231 1805 studiis
252 1751 370 1806 militum
392 1759 417 1805 et
431 1751 593 1806 elamoribus
607 1750 710 1821 populi,
731 1768 805 1806 arma
819 1768 867 1821 po-

62 1827 174 1891 scentis,
194 1824 377 1881 refovebatur:
398 1826 464 1881 dum
479 1825 578 1898 vulgus
592 1826 731 1899 ignavum,
752 1834 779 1881 et
797 1826 865 1879 nihil

63 1899 131 1955 ultra
142 1901 224 1955 verba
233 1919 376 1965 ausurum,
393 1899 457 1955 lalsa
467 1901 556 1971 specie
568 1906 711 1955 coercitum
721 1908 747 1955 et
757 1904 867 1968 lepidam

62 1975 187 2046 adpellat.
228 1976 400 2030 Hortantibus
424 1976 525 2030 libertis
548 1974 620 2048 (nam
639 1977 788 2030 amicorum
808 1975 866 2026 eius

62 2058 165 2121 quanto
177 2052 241 2122 quis
256 2051 360 2116 clarior,
381 2050 472 2105 minus
487 2049 566 2124 sidus)
585 2051 673 2107 vocari
684 2049 771 2104 tribus
781 2046 865 2101 iubet.

62 2126 161 2179 Dentes
175 2127 284 2180 nomina
298 2134 462 2181 sacramento
470 2126 562 2199 adigit.
602 2123 786 2195 Superssuente
795 2119 867 2174 mul-

64 2200 188 2265 titudine,
203 2218 296 2255 curam
307 2200 424 2255 delectus
438 2202 465 2255 in
476 2200 600 2255 consules
609 2200 732 2270 partitur.
772 2194 868 2248 Servo·

63 2293 125 2329 rum
145 2293 291 2330 numerum
312 2280 338 2330 et
349 2276 454 2346 pondus
464 2277 565 2348 argenti
580 2272 747 2329 senatoribus
762 2268 865 2323 indicit.

62 2350 176 2421 Equites
190 2350 302 2405 Romani
316 2350 435 2405 obtulere
451 2367 559 2420 ορετειη
574 2347 766 2420 pecuniasque,
787 2344 867 2397 etiam

62 2424 197 2480 libertinis
207 2425 278 2479 idem
290 2442 390 2480 munus
400 2423 666 2497 ultrollagitantibus.
685 2420 724 2473 Ea
732 2418 868 2474 simulatio

62 2499 154 2564 oflicii,
167 2518 182 2554 a
192 2508 265 2554 metu
276 2499 401 2571 prolecta,
413 2507 526 2553 verterat
535 2499 563 2553 in
574 2497 702 2552 favorem.
740 2494 775 2548 Et
787 2492 868 2564 pleri-

63 2592 117 2642 que
133 2574 210 2626 baud
217 2575 332 2641 perinde
349 2574 499 2643 Vitellium,
520 2592 608 2649 quam
622 2568 891 2637 msumioeunqes

41 2645 224 2710 principatus,
245 2648 465 2709 miserabantur.
509 2654 573 2712 Neo
591 2652 691 2713 deeset
704 2650 791 2727 ipset
809 2643 915 2705 stabim
