1950 3016
110 200 144 257 'lt
345 206 667 283 ulsroruaaun
756 196 900 273 -(a.o.sas.

110 308 155 372 tia,
171 308 256 362 caesis
269 324 354 380 nuper
367 308 485 373 auxiliis,
497 309 633 380 etiamper
641 323 800 363 concursum
811 305 903 380 explo-

110 390 235 447 ratorum,
250 383 341 439 crebra
352 385 438 457 magis
451 401 534 456 quam
547 383 627 457 digna
636 391 783 439 memoratu
791 382 899 455 proelis,

109 456 230 524 inferior;
259 460 455 531 propinquante
470 459 552 515 Fabio
564 459 681 523 Valente,
700 466 825 513 ne‘omne
839 458 901 513 belli

108 531 191 587 decus
209 531 274 588 illuc
292 534 456 597 coemeret,
481 535 626 606 reciperare
644 532 769 607 gloriam,
795 532 902 589 avidius

109 624 191 680 quam
202 608 349 663 consultius
360 606 524 680 properabat.
563 608 902 664 AdduodecimumaCre-
937 636 944 651 ·

110 700 187 737 mona
201 682 284 755 (locus
295 682 433 738 Castorum
443 682 560 755 vocatur)
575 682 749 738 ferocissimos
764 681 902 739 auxiliari·

110 776 166 823 um,
178 758 435 812 inminentibusriae
445 756 796 830 lucisoecultos,oomponit.
816 758 902 831 Equi-

110 841 148 888 tes
161 832 301 903 procedere
314 831 419 905 longius
432 833 510 898 iussi,
526 841 560 898 et,
575 835 680 888 inritato
696 832 794 905 proelio
808 840 902 906 sponte

109 907 205 979 refugi,
222 905 413 962 festinationem
431 909 600 979 sequentium
618 907 720 972 elicere,
737 907 822 964 donec
834 909 902 964 iosi-

108 981 167 1036 diae
185 983 356 1035 coorireotur.
395 982 531 1038 Proditum
551 982 579 1038 id
595 982 751 1038 Othonianis
769 983 898 1040 ducibus:

108 1065 133 1111 et
142 1072 233 1110 curam
244 1055 363 1126 peditum
374 1056 522 1123 Paullinus,
533 1058 654 1131 equitum
662 1057 767 1122 Celsus,
777 1074 901 1130 sumpse·

108 1147 146 1185 re.
186 1129 405 1186 Tertiaedecimae
418 1131 528 1204 legionis
542 1133 681 1198 vexillum,
696 1142 809 1205 quatuor
823 1134 901 1189 auxi·
942 1152 946 1159 ·

108 1203 205 1260 liorum
219 1205 337 1261 cohortes
351 1217 376 1262 et
390 1208 529 1281 quingenti
544 1211 646 1281 equites
657 1209 684 1263 in
695 1208 803 1263 sinistro
813 1208 900 1265 locan-

108 1287 163 1347 tur3
185 1297 308 1354 aggerem
319 1282 377 1337 riae
391 1290 443 1337 tres
453 1285 595 1353 praetoriae
603 1283 722 1338 cohortes
731 1282 792 1338 altis
799 1283 901 1338 ordini·

108 1355 160 1411 bus
169 1355 321 1412 obtinuere:
342 1357 432 1412 dextra
446 1357 528 1413 fronte
537 1361 622 1429 prima
632 1359 699 1431 legio
708 1358 827 1423 incessit,
837 1374 900 1413 cum

108 1429 213 1487 duabus
231 1431 407 1488 auxiliaribus
425 1433 576 1488 cohortibus
595 1442 620 1488 et
636 1435 790 1506 quingentis
803 1433 901 1505 equiti·

107 1505 169 1562 bus.
209 1505 294 1578 Super
309 1507 367 1573 hos,
388 1525 403 1562 e
416 1509 543 1578 praetorio
559 1507 721 1580 auxiliisque
736 1507 811 1562 mille
823 1508 902 1581 equi-

107 1590 160 1711 ‹tpm
176 1582 303 1637 cumulus
321 1584 454 1654 prosperis
473 1591 519 1637 aut
536 1583 688 1638 subsidium
709 1582 898 1650 laborantibus,

128 1656 280 1711 ucebaotur.
934 1678 939 1691 ·

162 1734 204 1786 25.
225 1731 374 1802 Antequam
385 1731 558 1786 miscerentur
567 1732 646 1797 acies,
658 1739 728 1806 terga
737 1732 899 1789 vertentibus

107 1803 265 1869 Vitellianis,
277 1804 379 1870 Celsus,
390 1805 444 1860 doli
453 1807 580 1876 prudeus,
591 1809 715 1878 repressit
723 1825 796 1862 suos.
818 1808 900 1863 Vitel-

107 1879 172 1934 liani
183 1889 279 1934 temere
288 1889 470 1954 exsurgentes,
477 1882 584 1936 cedente
593 1881 784 1948 sensimCelso,
794 1882 899 1957 longius

107 1955 201 2018 secuti
217 1954 286 2010 ultro
297 1956 325 2010 iu
336 1955 447 2010 insidias
457 1958 670 2028 praecipitantur.
710 1958 802 2011 Nema
813 1958 900 2013 lateri·

106 2028 159 2084 bus
169 2029 296 2094 cobortes,
309 2030 442 2104 legionum
453 2031 562 2087 adversa
573 2031 655 2097 frons,
664 2041 689 2086 et
698 2032 786 2088 subito
796 2032 900 2088 discur-

107 2123 140 2160 su
156 2113 227 2178 terga
239 2107 375 2161 cinxerant
390 2108 502 2178 equites.
541 2106 654 2180 Signum
669 2125 774 2180 pugnae
785 2127 837 2163 non
847 2119 900 2163 sta-

106 2182 155 2235 tim
172 2179 322 2237 aSuetonio
332 2181 451 2238 Paullino
465 2183 546 2254 pediti
559 2183 659 2237 datum.
699 2182 839 2239 Cunctator
853 2201 901 2238 na-
974 2195 975 2200 ’

107 2263 176 2319 tura,
198 2265 222 2310 et
235 2258 279 2311 cui
294 2266 368 2311 cauta
382 2259 471 2329 potius
485 2257 595 2312 consilia
608 2275 670 2313 cum
684 2260 798 2324 ratione,
817 2276 899 2331 quam
972 2299 975 2308 Α

106 2347 232 2403 prospera
246 2348 279 2385 ex
294 2349 372 2397 casu,
392 2332 532 2403 placerent,
554 2337 676 2400 compleri
688 2339 780 2403 tomos,
800 2339 900 2402 operiri

108 2423 233 2472 campum,
242 2411 325 2474 patim
333 2412 414 2462 aciem
424 2407 539 2463 iubebat.
558 2407 630 2462 Satis
642 2414 693 2463 cito
702 2413 783 2478 incipi
793 2414 900 2464 victori-

107 2498 158 2542 um,
170 2483 215 2533 ubi
222 2487 353 2548 provisum
362 2487 436 2550 soret,
447 2500 479 2536 ne
488 2488 659 2538 uiocmmter.
688 2484 725 2537 Ea
736 2485 900 2540 cunctatione

101 2556 221 2622 spatium
238 2555 386 2612 Vitellianis
402 2557 506 2623 datum,
520 2557 551 2612 in
560 2558 665 2621 uineas,
678 2576 750 2612 nexu
759 2559 902 2614 traducum

85 2627 236 2696 inpeditas,
258 2631 429 2710 refugiendi.
469 2633 507 2690 Et
524 2633 635 2689 modica
652 2631 725 2686 s'ilua
742 2631 918 2682 ahliaerahatx

72 2700 153 2756 unde
162 2720 270 2764 rursus
283 2713 350 2768 ausi
359 2700 937 2789 promptissimnapraetorianorumeqix-
