1950 3016
122 193 156 246 et
360 196 682 243 nrsronrnaurr
781 186 918 261 (enan.
967 224 969 235 ·

121 297 235 370 pularia.
274 297 421 355 Auctoritas
435 298 524 354 Cluvii
537 297 693 368 praevaluit,
707 304 738 352 ut
746 297 839 369 puniri
849 296 918 353 ultro

122 372 247 427 libertum
266 392 347 429 auum
356 374 480 430 Vitellius
498 374 609 427 iuberet.
648 372 762 427 Cluvius
781 374 918 427 comitanti

121 448 251 520 principis
263 450 391 514 adiectus,
407 467 459 503 non
474 448 594 518 adempta
604 448 740 517 Hispania,
754 464 839 518 quam
851 448 918 503 rexit

121 523 227 587 absens,
238 524 361 595 exemplo
371 525 401 578 L.
412 524 541 577 Arruntii.
565 523 634 575 Eum
645 522 768 575 Tiberius
776 521 917 577 Caesarub

121 607 233 661 metum,
249 599 371 653 Vitellius
385 598 511 651 Cluvium
527 596 599 650 nulla
618 595 759 650 formidine
778 595 915 652 retinebat.

120 672 178 726 Non
194 673 264 727 idem
286 672 415 726 Trebellio
424 673 540 725 Maximo
556 670 648 725 bonos.
688 671 842 744 Pmlugerat
859 671 917 726 liri·

121 748 210 801 tannia
229 748 264 801 ob
282 746 446 801 iracundiam
461 746 591 799 militum:
615 745 716 800 missus
729 754 770 800 est
783 747 813 800 in
828 745 915 801 locum

120 822 179 876 eius
190 822 291 875 Vettius
300 821 414 875 Bolanus
424 838 439 874 e
452 820 645 890 praesentibus.

175 899 217 948 66.
238 895 358 967 Angebat
376 895 512 950 Vitellium
531 897 662 949 victarum
677 893 812 966 legionum
829 894 917 951 baud-

119 986 256 1041 quaquam
272 969 370 1023 lractus
384 972 500 1025 animus.
540 969 652 1040 Sparsae
666 986 713 1039 per
727 969 829 1023 ltaliam
839 980 866 1025 et
876 971 916 1025 vi·
942 966 948 975 '

120 1044 237 1098 ctoribus
256 1045 412 1114 permixtae,
434 1044 539 1099 hostilia
559 1043 748 1115 loquebantur:
773 1046 916 1116 praecipua

120 1118 412 1190 quartadecimanorum
434 1119 537 1183 lerecia,
552 1120 643 1190 quise
652 1121 735 1172 victos
747 1119 913 1176 abnuebant:

119 1199 213 1262 quippe
219 1195 386 1250 bedriacenat'
402 1200 467 1255 acie,
478 1197 627 1248 aeaeillorr'r'a
637 1202 736 1246 tuntum
744 1197 837 1260 pulsia,
847 1200 916 1249 cirea

120 1272 227 1335 legionis
236 1286 287 1321 non
296 1275 417 1337 adfuisse.
452 1270 556 1322 llemitti
567 1285 611 1322 eos
621 1269 649 1320 in
659 1267 833 1331 Britanniam,
845 1268 915 1324 unda

120 1344 252 1397 aNerona
267 1344 344 1396 exciti
360 1352 443 1405 erant,
460 1343 573 1414 placuit;
595 1351 674 1412 atque
691 1343 797 1396 interim
807 1343 916 1399 Batavo-

118 1435 179 1473 rum
191 1417 310 1472 cobortes
319 1436 372 1471 una
383 1419 496 1482 tendere,
503 1418 537 1473 eb
547 1426 660 1470 veterem
670 1417 800 1471 adversus
808 1427 915 1488 quarta-

119 1492 270 1547 decimanos
284 1492 452 1547 discordiam.
493 1495 547 1546 Nec
556 1491 613 1554 diu,
625 1492 653 1544 in
664 1493 743 1544 tantis
752 1501 915 1548 armatomm

117 1567 197 1629 odiis,
208 1569 287 1637 quies
298 1565 356 1620 luit.
373 1567 508 1639 Augustae
518 1567 705 1628 Taurinorum,
716 1565 782 1620 dum
792 1567 915 1637 opilicem

119 1640 253 1712 quendam
269 1640 382 1694 batavus
399 1650 428 1694 ut
442 1639 615 1695 fraudatorem
631 1643 783 1703 insectetur,
798 1641 916 1714 legiona-

118 1715 176 1768 rius
190 1724 220 1768 ut
234 1715 364 1783 hospitem
381 1723 478 1775 tuetur,
497 1718 539 1768 sui
554 1717 652 1785 cuique
661 1715 855 1771 commilitones
868 1717 916 1772 ad-

118 1790 229 1861 gregati,
244 1790 396 1843 aconviciis
407 1789 439 1841 ad
449 1790 554 1843 caedem
566 1791 700 1844 transiere.
740 1791 773 1844 Et
783 1792 915 1861 proelium

119 1871 192 1916 atrox
206 1864 357 1926 exarsisset,
374 1865 401 1916 ni
415 1863 484 1917 duae
498 1865 642 1934 praetoriae
651 1864 779 1929 cohortes,
791 1882 915 1923 caussam

119 1937 412 2007 quartadecimanorum
432 1948 545 1999 secutae,
565 1939 608 1993 his
628 1939 753 1993 fiduciam
772 1948 798 1994 et
812 1951 915 1997 meum

118 2011 222 2065 batavis
234 2010 363 2066 iecissent.
404 2011 476 2078 Quos
487 2013 608 2067 Vitellius
618 2016 719 2086 agmini
730 2032 779 2070 suo
788 2016 876 2089 iungi,
886 2025 916 2072 ut

119 2085 199 2149 fidos,
221 2086 360 2159 legionem,
381 2087 469 2142 Graiis
488 2088 602 2158 Alpibus
623 2089 777 2153 traductam,
799 2107 830 2145 eo
845 2089 915 2146 llexu

118 2161 221 2214 itineris
241 2163 278 2215 ire
295 2163 379 2226 iubet,
399 2180 454 2234 quo
469 2164 599 2217 Viennam
614 2165 738 2218 vitarent:
761 2182 879 2236 namque
890 2174 916 2221 et

118 2236 282 2290 Viennenses
300 2238 471 2291 timebantur.
511 2239 604 2302 Nocte,
627 2255 681 2308 qua
700 2239 914 2308 proficiscebatur

118 2308 197 2380 legio,
218 2311 316 2364 relictis
329 2315 430 2381 passim
445 2312 565 2384 ignibus,
587 2329 648 2382 pars
658 2314 789 2367 Taurinae
798 2314 915 2370 coloniae

118 2381 254 2438 ambusfn:
275 2386 348 2456 quod
361 2387 501 2449 damnum,
517 2394 547 2440 ut
557 2385 683 2458 pleraque
694 2387 755 2442 belli
767 2388 845 2453 mala,
857 2408 916 2444 ma-

118 2458 220 2512 ioribus
230 2459 341 2514 aliarum
352 2461 461 2514 urbium
471 2460 592 2514 cladibus
601 2461 788 2517 oblitteratum.
827 2463 915 2529 Quar-

117 2533 273 2587 tadecimani
282 2543 426 2607 postquam
436 2535 550 2606 Alpibus
560 2535 678 2609 degressi
688 2538 915 2601 sunt,aeditiosis·

98 2606 194 2659 simus
214 2611 336 2683 quisque
355 2612 437 2687 signa
456 2611 593 2667 Viennam
615 2610 748 2665 ierebent.
783 2611 927 2663 bonnensi

82 2678 240 2738 meliorum
256 2690 417 2762 compressi
433 2697 463 2747 et
473 2687 549 2766 legio
557 2683 937 2743 tanatnnuiamuanaaaea
