1950 3016
76 184 198 261 ssu.)
290 193 360 241 mn.
379 194 416 242 η
436 195 516 244 cnr.
536 176 658 243 sr-r'r,
841 186 873 242 m

77 294 178 352 Gallias
187 295 381 367 municipium
396 296 538 353 Othoniani
548 295 729 369 Albigaunnm
739 295 872 352 interioris

75 371 213 446 Liguriae,
225 379 366 426 revertere.

130 450 173 501 t6.
194 445 329 502 Corsicam
348 463 380 500 ao
397 444 560 512 Sardiniam,
586 453 738 518 ceterasque
756 448 871 519 proximi

76 521 158 576 maris
168 520 359 586 insulensem
369 521 485 577 victricis
495 520 588 576 classis
599 523 626 575 in
637 522 756 592 partibus
761 521 872 578 Othonis

75 599 169 651 tenuit.
209 594 261 651 Sed
279 596 414 652 Corsicam
433 614 515 669 prope
533 595 635 651 adthnt
654 597 753 651 Decimi
774 599 871 652 Pacarii

75 673 253 744 procuratoris
266 672 410 737 temeritas,
431 680 500 727 tanta
515 671 584 727 mole
598 671 662 727 belli
676 671 744 726 nihil
758 673 787 727 in
797 690 874 727 sum-

75 766 147 802 mam
157 746 306 819 protutura,
318 749 370 819 ipsi
378 747 497 803 exitiosa.
537 748 669 819 Namque,
681 746 792 802 Othonis
801 747 871 813 odio,

75 823 169 878 iuvare
179 823 316 879 Vitellium
326 822 468 878 Corsorum
478 822 582 878 viribus
596 823 696 887 statuit,
712 823 785 877 inani
796 823 874 878 auxl-

76 897 119 964 lio,
130 899 246 954 etiamsi
256 898 430 969 provenisset.
468 898 572 953 Vocatis
581 897 748 969 principibus
757 898 871 964 insulae,

75 974 220 1029 consilium
239 975 336 1044 aperit:
361 982 388 1028 ot
407 981 494 1028 contra
515 973 602 1028 dicere
620 991 708 1038 ausos,
730 973 871 1029 Claudium

75 1049 251 1123 Pyrrhicum,
276 1049 450 1104 trierarchum
469 1048 673 1104 Liburnicarum
694 1049 731 1104 ihi
749 1052 870 1115 navium,

75 1123 356 1190 Quinctiuml'crtum,
368 1126 485 1196 equitem
496 1125 653 1189 Romanum,
664 1125 776 1180 interfici
788 1126 870 1181 iubet.

76 1198 196 1266 Quorum
211 1208 295 1255 morte
308 1200 435 1265 exterriti,
455 1200 503 1272 qui
517 1199 634 1264 adorant,
655 1199 736 1254 simul
747 1201 836 1274 ignara
847 1207 874 1254 et

75 1274 155 1332 alieni
169 1283 259 1331 metus
273 1276 343 1331 socia
358 1275 531 1346 inperitorum
542 1274 629 1339 turha,
641 1275 670 1329 in
681 1275 760 1329 verba
774 1275 872 1330 Vitellii

74 1353 208 1407 iuravere.
244 1349 306 1416 Sed,
317 1351 365 1405 ubi
373 1350 504 1406 delectum
514 1367 592 1424 agere
601 1350 735 1414 Pacarius,
748 1358 772 1404 et
781 1351 874 1405 incon-

75 1426 144 1483 ditos
159 1427 283 1482 homines
298 1424 405 1499 fatigare
419 1424 528 1480 militiae
543 1425 701 1479 muneribus
714 1426 823 1495 occepit,
835 1425 874 1480 la-

74 1502 167 1558 horem
177 1500 317 1558 insolitum
325 1501 610 1574 pemsi,infirmitstem
617 1516 695 1554 susm
703 1500 871 1571 reputabant:

75 1582 189 1633 mmmm
203 1595 265 1642 sess,
281 1596 358 1647 quom
372 1581 521 1640 incolerent,
536 1585 561 1630 st
573 1579 646 1644 lampa
657 1574 824 1630 &moram
832 1580 874 1630 oi·

75 1670 167 1725 respue
190 1656 333 1723 lamonem:
360 1658 475 1722 direptor
496 1661 660 1720 catulosque
681 1653 775 1716 olcus,
795 1656 874 1706 stium

76 1746 139 1799 quos
159 1732 275 1783 cohortes
293 1732 402 1798 alaeque
416 1737 586 1797 protopassio.
625 1727 659 1782 Et
670 1727 758 1781 aversi
767 1736 873 1799 repente

76 1804 174 1860 animi:
197 1821 245 1859 nec
253 1811 342 1858 tamen
352 1812 439 1875 aperta
450 1803 487 1867 vi,
500 1811 591 1874 aptum
599 1810 706 1874 tempus
718 1803 825 1858 insidiis
837 1803 873 1858 le-

75 1896 147 1952 gare.
186 1880 330 1953 Digressis,
344 1880 392 1951 qni
407 1879 544 1932 Pacarium
559 1876 769 1950 frequentabant,
783 1878 873 1933 nudus

76 1963 102 2010 et
114 1954 211 2009 auxilii
226 1956 313 2026 inops,
324 1954 437 2009 balineis
446 1953 612 2019 interficitur,·
626 1954 747 2009 trucidati
757 1954 874 2010 acomi-

76 2039 125 2085 tes.
165 2029 266 2102 Capita,
278 2038 308 2085 ut
319 2029 445 2094 hostium,
457 2029 509 2100 ipsi
520 2029 695 2085 interfectores
705 2028 872 2085 chthonem

76 2104 175 2161 tulere:
197 2122 285 2178 neque
297 2122 343 2160 ooo
357 2113 402 2159 aut
415 2103 483 2160 Otho
497 2106 614 2175 praemio
623 2104 727 2167 adfecit,
737 2114 784 2160 aut
792 2104 873 2176 puni-

77 2182 115 2237 vit
124 2180 258 2246 Vitellius,
275 2181 303 2235 in
314 2179 398 2235 multa
409 2179 532 2235 conluvie
541 2198 631 2236 rerum
643 2181 788 2236 maioribus
798 2179 873 2252 flagi·

75 2257 120 2311 tiis
129 2258 285 2328 permixtos.

131 2334 174 2386 ⁴7.
196 2332 341 2403 Aperuerat
354 2332 408 2385 iam
424 2329 535 2397 ltaliam,
549 2330 706 2404 bellumque
719 2329 874 2383 transmiss-

76 2414 125 2472 rat,
147 2416 178 2462 ut
190 2424 272 2478 supra
284 2408 503 2472 memoravimus,
526 2405 566 2460 ala
581 2405 698 2480 Syllana,
719 2402 793 2457 nullo
801 2403 873 2474 apud

75 2499 244 2557 quemqnam
255 2481 366 2538 Othonis
385 2480 486 2537 lavore:
506 2499 556 2537 nec
575 2483 638 2554 quia
651 2478 786 2536 Vitellium
806 2478 874 2532 mal-

76 2557 145 2625 lent3
165 2559 212 2613 sed
220 2558 360 2630 longspes
368 2557 403 2612 ad
410 2575 490 2614 omne
500 2559 645 2617 servitium
654 2552 892 2632 {regerat,lac’hes

66 2631 256 2696 occupantibus
272 2641 301 2684 et
317 2632 481 2692 melrbrihus
506 2639 681 2697 incuriosos.
720 2632 912 2692 literanum-

63 2714 130 2751 mm
144 2699 236 2752 [alno
254 2702 337 2771 isoes,
362 2722 509 2780 qnantum
532 2719 611 2775 inter
629 2716 753 2859 ἔξω
778 2712 934 2790 lliffihffi
