1950 3016
132 192 182 248 lat
372 195 697 245 flieronmnrr
795 186 934 264 (enen.

132 297 228 357 Civilis
237 297 335 364 aderet,
350 316 404 355 nnn
415 299 507 355 minus
516 298 590 354 vitiis
599 297 729 364 bostium,
741 314 827 371 quem
835 301 937 355 viante

131 390 255 438 snorum,
270 372 364 431 fretus.
403 374 482 430 Varie
495 373 568 445 apud
582 374 716 431 Romanos
727 372 844 438 lenum,
858 385 937 430 etse-

131 449 324 505 ditiosissimns
337 451 455 522 quisque
467 450 591 521 ignavus.
631 447 758 514 Quidam,
769 450 885 505 reeentis
894 450 937 505 vi-

132 525 228 580 ctoriae
241 541 383 590 memores,
399 525 511 580 retinere
521 523 620 588 locum,
636 522 715 579 ferire
723 524 840 589 boetem,
850 541 936 596 seque

132 608 158 656 et
167 601 304 672 proximos
323 599 436 655 hortari:
457 606 492 663 et,
513 599 689 671 redintegrata
704 600 773 663 aeie,
793 599 936 655 mnnused

131 676 256 732 obsessos
268 674 385 739 tendere,
400 690 434 729 ne
448 674 561 744 tempori
575 673 706 729 deessent.
746 670 800 739 llli,
815 683 936 729 cunetae

132 751 221 806 muria
228 749 509 813 cernentes,0mnibue
518 750 602 820 portis
612 757 800 819 prorumpunt.
821 748 935 804 deferte

132 825 227 881 Civilis
238 825 314 896 lapsu
325 825 388 897 equi
398 833 555 895 prostratus,
566 823 663 879 credita
672 840 721 894 per
728 832 881 896 utrumqne
889 840 936 881 ex·

133 901 246 956 ercitum
266 899 345 964 lanea,
368 899 536 954 vulneratum
557 906 603 955 eut
622 897 802 964 interleetum‚
826 901 935 955 inmane

131 983 264 1047 quantum
274 975 332 1028 suis
343 974 450 1045 pavoris
460 982 486 1027 et
495 973 617 1028 hostibus
627 973 768 1039 alaeritatis
779 974 889 1031 indidit.

188 1052 230 1103 35.
251 1048 303 1103 Sed
313 1048 422 1112 Vocula,
433 1049 542 1103 omissis
553 1047 714 1122 fugientium
724 1050 818 1122 tergis,
831 1049 933 1105 vallem

131 1131 273 1196 turresque
282 1131 430 1179 castrorum
439 1123 563 1199 augebat,
579 1131 716 1195 tamquam
728 1141 824 1180 rumne
833 1125 934 1180 obsidi-

131 1216 179 1255 um
190 1200 345 1255 inmineret:
367 1210 495 1270 eenrupta
508 1201 603 1254 totiens
613 1200 733 1263 victorin,
745 1216 800 1255 nan
810 1199 920 1257 leleoen

131 1283 240 1347 spectus
249 1274 351 1330 bellum
362 1274 450 1330 melle.
490 1274 564 1330 Nihil
578 1291 664 1346 aeque
676 1274 810 1329 exereitus
818 1285 931 1341 nosnos.
969 1314 971 1349 3

132 1368 215 1423 quam
226 1359 329 1424 egestas
339 1351 487 1422 eopinrum,
500 1348 633 1423 fatigabat.
659 1349 842 1422 Inpedimenta
852 1351 933 1425 legin·

132 1444 199 1482 num
209 1444 272 1481 cnm
282 1425 375 1480 inbelli
387 1426 463 1481 turbe
473 1427 620 1480 Novesium
630 1426 723 1490 misae,
740 1433 770 1480 ut
779 1426 844 1481 inde
854 1435 932 1483 terre·

131 1502 181 1557 stri
196 1502 289 1556 itinere
305 1500 471 1559 frumentum
485 1500 659 1556 edveberent:
681 1517 744 1555 nam
759 1498 874 1557 flumine
885 1502 933 1559 bo·

131 1585 186 1632 stes
206 1577 383 1646 potiebantur.
423 1577 544 1631 Primum
563 1591 659 1647 agmen
673 1592 800 1631 eeeurum
812 1576 931 1642 ineeeah,

132 1651 252 1707 nondum
272 1651 336 1705 setis
357 1650 434 1706 firme
447 1650 542 1706 Civile.
582 1649 646 1716 Qui.
666 1650 714 1706 ubi
728 1654 931 1711 rursnsmim

131 1727 277 1782 Novesinrn
293 1725 509 1790 frumentatores,
525 1724 654 1796 datasque
667 1725 695 1781 in
710 1727 877 1797 praesidium
890 1742 933 1784 en·

131 1799 230 1862 hortea,
251 1799 325 1853 velut
339 1800 423 1855 multa
438 1818 502 1870 pace
513 1799 618 1873 ingredi
627 1802 738 1871 awepit.
759 1819 852 1857 rerum
862 1802 932 1874 apud

131 1875 208 1947 signa
219 1874 343 1937 militem,
362 1892 435 1929 erma
445 1876 474 1931 in
486 1875 626 1939 vehiculis,
647 1884 757 1931 cunctos
770 1875 877 1933 liemtie
887 1895 932 1935 re-

130 1967 189 2024 goe,
200 1949 363 2020 compositus
372 1949 487 2007 invadit:
502 1950 669 2023 praemissis,
679 1952 727 2022 qui
738 1961 831 2022 pentes
840 1960 868 2010 et
878 1954 933 2011 vta-

131 2043 193 2081 rum
213 2034 325 2097 angusta
340 2025 494 2081 insiderent.
535 2026 685 2098 Pugnatum
702 2026 932 2101 longeagnrineet

130 2100 230 2156 incerto
241 2100 333 2165 Marte,
347 2099 431 2155 donee
442 2101 573 2171 proelium
584 2118 636 2156 nox
646 2100 792 2158 dirimeret.
833 2103 932 2161 Cobor-

130 2183 170 2231 tes
185 2173 333 2231 Geldubam
350 2192 498 2246 perrexere,
518 2176 700 2241 manentibus,
720 2185 751 2232 ut
764 2175 879 2243 luerent,
889 2195 932 2234 ea-

131 2252 204 2315 stris,
221 2267 290 2321 quae
304 2250 455 2306 relictarum
469 2250 525 2305 illic
534 2250 652 2306 militum
664 2253 797 2322 praesidio
805 2254 932 2309 teneban-

130 2334 183 2380 tur.
213 2326 271 2379 Non
282 2325 470 2390 eretdubium.
482 2335 614 2398 quantum
624 2327 653 2380 in
663 2343 786 2399 regressu
797 2328 932 2385 discrimi-

130 2402 174 2455 nis
184 2399 336 2455 adeundum
348 2399 664 2461 loret.lrumentat0ribus
673 2403 777 2458 onustis
787 2404 933 2474 perculsis-

131 2493 194 2547 que.
223 2475 303 2529 Addit
312 2477 439 2530 exercitui
450 2493 500 2530 sno
510 2475 608 2530 Vocula
619 2474 693 2531 mille
701 2476 816 2533 delentos
825 2496 842 2533 e
850 2480 932 2552 quin-

126 2557 152 2604 te
173 2557 201 2605 et
216 2549 415 2623 quintadecima
431 2551 591 2626 legionibus.
611 2552 684 2623 apud
697 2552 789 2608 Vetera
801 2554 930 2620 mie,

111 2625 285 2685 indomitum
310 2627 433 2689 militem
458 2636 484 2686 et
507 2626 628 2684 <lusibus
646 2624 800 2681 iniensum.
828 2629 940 2690 rimu.

99 2715 193 2772 ‘Iflflm
207 2705 328 2769 iussum
345 2718 418 2780 erat,
439 2705 571 2785 preteeti.
588 2697 957 2781 perminimum
