<?xml version="1.0" encoding="UTF-8"?>
<!DOCTYPE html PUBLIC "-//W3C//DTD XHTML 1.0 Transitional//EN"
    "http://www.w3.org/TR/xhtml1/DTD/xhtml1-transitional.dtd">
<html xmlns="http://www.w3.org/1999/xhtml" xml:lang="en" lang="en">
 <head>
  <title>
</title>
<meta http-equiv="Content-Type" content="text/html;charset=utf-8" />
  <meta name='ocr-system' content='tesseract 3.04.00' />
  <meta name='ocr-capabilities' content='ocr_page ocr_carea ocr_par ocr_line ocrx_word'/>
</head>
<body>
  <div class='ocr_page' id='page_1' title='image "./ccorneliitaciti00weisgoog_0062.png"; bbox 0 0 1950 3016; ppageno 0'>
   <div class='ocr_carea' id='block_1_1' title="bbox 53 199 841 275">
    <p class='ocr_par' dir='ltr' id='par_1_1' title="bbox 53 199 841 275">
     <span class='ocr_line' id='line_1_1' title="bbox 53 199 841 275; baseline 0.005 -22"><span class='ocrx_word' id='word_1_1' title='bbox 53 199 166 275; x_wconf 57' lang='lat' dir='ltr'><strong>r.c.ro.)</strong></span> <span class='ocrx_word' id='word_1_2' title='bbox 264 210 344 256; x_wconf 80' lang='lat' dir='ltr'><strong>nte.</strong></span> <span class='ocrx_word' id='word_1_3' title='bbox 363 208 382 256; x_wconf 89' lang='lat'><strong>1.</strong></span> <span class='ocrx_word' id='word_1_4' title='bbox 404 208 493 256; x_wconf 77' lang='lat' dir='ltr'><strong>car.</strong></span> <span class='ocrx_word' id='word_1_5' title='bbox 514 210 553 255; x_wconf 83' lang='lat' dir='ltr'><strong>ao.</strong></span> <span class='ocrx_word' id='word_1_6' title='bbox 574 210 617 258; x_wconf 76' lang='lat' dir='ltr'><strong>aa.</strong></span> <span class='ocrx_word' id='word_1_7' title='bbox 808 203 841 257; x_wconf 78' lang='lat' dir='ltr'><strong>tt</strong></span> 
     </span>
    </p>
   </div>
   <div class='ocr_carea' id='block_1_2' title="bbox 52 310 891 2643">
    <p class='ocr_par' dir='ltr' id='par_1_2' title="bbox 52 310 891 2643">
     <span class='ocr_line' id='line_1_2' title="bbox 53 310 843 378; baseline 0.003 -15"><span class='ocrx_word' id='word_1_8' title='bbox 53 325 157 364; x_wconf 78' lang='lat' dir='ltr'><strong>mutuno</strong></span> <span class='ocrx_word' id='word_1_9' title='bbox 176 314 299 378; x_wconf 69' lang='lat' dir='ltr'><strong>epactam</strong></span> <span class='ocrx_word' id='word_1_10' title='bbox 322 320 436 364; x_wconf 78' lang='lat' dir='ltr'><strong>statuam</strong></span> <span class='ocrx_word' id='word_1_11' title='bbox 454 314 481 363; x_wconf 90' lang='lat' dir='ltr'><strong>d.</strong></span> <span class='ocrx_word' id='word_1_12' title='bbox 501 311 565 363; x_wconf 84' lang='lat' dir='ltr'><strong>Iulii</strong></span> <span class='ocrx_word' id='word_1_13' title='bbox 583 315 611 364; x_wconf 82' lang='lat' dir='ltr'><strong>in</strong></span> <span class='ocrx_word' id='word_1_14' title='bbox 626 314 712 365; x_wconf 74' lang='lat' dir='ltr'><strong>lurotu</strong></span> <span class='ocrx_word' id='word_1_15' title='bbox 728 310 843 365; x_wconf 78' lang='lat' dir='ltr'><strong>Tiberini</strong></span> 
     </span>
     <span class='ocr_line' id='line_1_3' title="bbox 53 384 842 447; baseline 0.001 -10"><span class='ocrx_word' id='word_1_16' title='bbox 53 390 136 447; x_wconf 65' lang='lat' dir='ltr'><strong>imnis,</strong></span> <span class='ocrx_word' id='word_1_17' title='bbox 157 402 247 439; x_wconf 75' lang='lat' dir='ltr'><strong>ceream</strong></span> <span class='ocrx_word' id='word_1_18' title='bbox 261 395 286 439; x_wconf 82' lang='lat' dir='ltr'><strong>rt</strong></span> <span class='ocrx_word' id='word_1_19' title='bbox 300 391 396 439; x_wconf 86' lang='lat' dir='ltr'><strong>inmoto</strong></span> <span class='ocrx_word' id='word_1_20' title='bbox 408 390 457 445; x_wconf 81' lang='lat' dir='ltr'><strong>die,</strong></span> <span class='ocrx_word' id='word_1_21' title='bbox 478 389 512 439; x_wconf 85' lang='lat' dir='ltr'><strong>cb</strong></span> <span class='ocrx_word' id='word_1_22' title='bbox 523 384 659 439; x_wconf 83' lang='lat' dir='ltr'><strong>Occidente</strong></span> <span class='ocrx_word' id='word_1_23' title='bbox 671 392 699 439; x_wconf 86' lang='lat' dir='ltr'><strong>in</strong></span> <span class='ocrx_word' id='word_1_24' title='bbox 712 386 842 441; x_wconf 79' lang='lat' dir='ltr'><strong>Orientem</strong></span> 
     </span>
     <span class='ocr_line' id='line_1_4' title="bbox 53 460 842 528; baseline 0 -15"><span class='ocrx_word' id='word_1_25' title='bbox 53 476 208 514; x_wconf 58' lang='lat' dir='ltr'><strong>cavatum:</strong></span> <span class='ocrx_word' id='word_1_26' title='bbox 236 462 398 528; x_wconf 73' lang='lat' dir='ltr'><em>prolocutum</em></span> <span class='ocrx_word' id='word_1_27' title='bbox 421 467 450 514; x_wconf 83' lang='lat' dir='ltr'><strong>in</strong></span> <span class='ocrx_word' id='word_1_28' title='bbox 468 460 577 513; x_wconf 75' lang='lat' dir='ltr'><strong><em>Etruria</em></strong></span> <span class='ocrx_word' id='word_1_29' title='bbox 597 462 696 513; x_wconf 85' lang='lat' dir='ltr'><strong>bovem:</strong></span> <span class='ocrx_word' id='word_1_30' title='bbox 725 464 842 513; x_wconf 72' lang='lat' dir='ltr'><strong>insolitos</strong></span> 
     </span>
     <span class='ocr_line' id='line_1_5' title="bbox 53 533 841 606; baseline -0.003 -17"><span class='ocrx_word' id='word_1_31' title='bbox 53 538 198 589; x_wconf 82' lang='lat' dir='ltr'><strong>mimalium</strong></span> <span class='ocrx_word' id='word_1_32' title='bbox 206 545 314 603; x_wconf 79' lang='lat' dir='ltr'><strong>portus:</strong></span> <span class='ocrx_word' id='word_1_33' title='bbox 334 542 359 588; x_wconf 88' lang='lat' dir='ltr'><strong>et</strong></span> <span class='ocrx_word' id='word_1_34' title='bbox 371 534 446 606; x_wconf 90' lang='lat' dir='ltr'><strong>plura</strong></span> <span class='ocrx_word' id='word_1_35' title='bbox 458 534 518 599; x_wconf 88' lang='lat' dir='ltr'><strong>alia,</strong></span> <span class='ocrx_word' id='word_1_36' title='bbox 531 534 645 588; x_wconf 87' lang='lat' dir='ltr'><strong>rudibus</strong></span> <span class='ocrx_word' id='word_1_37' title='bbox 655 533 751 588; x_wconf 85' lang='lat' dir='ltr'><strong>seculis</strong></span> <span class='ocrx_word' id='word_1_38' title='bbox 761 537 841 588; x_wconf 90' lang='lat' dir='ltr'><strong>etiarn</strong></span> 
     </span>
     <span class='ocr_line' id='line_1_6' title="bbox 53 609 842 681; baseline -0.003 -16"><span class='ocrx_word' id='word_1_39' title='bbox 53 626 69 665; x_wconf 93' lang='lat' dir='ltr'><strong>n</strong></span> <span class='ocrx_word' id='word_1_40' title='bbox 83 626 151 681; x_wconf 88' lang='lat' dir='ltr'><strong>pace</strong></span> <span class='ocrx_word' id='word_1_41' title='bbox 163 610 311 673; x_wconf 86' lang='lat' dir='ltr'><strong>observata,</strong></span> <span class='ocrx_word' id='word_1_42' title='bbox 328 626 398 681; x_wconf 88' lang='lat' dir='ltr'><strong>quae</strong></span> <span class='ocrx_word' id='word_1_43' title='bbox 409 627 483 664; x_wconf 91' lang='lat' dir='ltr'><strong>nnnc</strong></span> <span class='ocrx_word' id='word_1_44' title='bbox 491 617 593 663; x_wconf 88' lang='lat' dir='ltr'><strong>tantum</strong></span> <span class='ocrx_word' id='word_1_45' title='bbox 604 610 633 663; x_wconf 93' lang='lat' dir='ltr'><strong>in</strong></span> <span class='ocrx_word' id='word_1_46' title='bbox 643 618 716 663; x_wconf 85' lang='lat' dir='ltr'><strong>metu</strong></span> <span class='ocrx_word' id='word_1_47' title='bbox 727 609 842 663; x_wconf 89' lang='lat' dir='ltr'><strong>audiun-</strong></span> 
     </span>
     <span class='ocr_line' id='line_1_7' title="bbox 52 683 842 756; baseline 0 -19"><span class='ocrx_word' id='word_1_48' title='bbox 52 701 94 739; x_wconf 89' lang='lat' dir='ltr'><strong>ur.</strong></span> <span class='ocrx_word' id='word_1_49' title='bbox 136 684 188 738; x_wconf 87' lang='lat' dir='ltr'><strong>Sed</strong></span> <span class='ocrx_word' id='word_1_50' title='bbox 202 686 360 756; x_wconf 84' lang='lat' dir='ltr'><strong>proecipuus</strong></span> <span class='ocrx_word' id='word_1_51' title='bbox 374 694 399 739; x_wconf 88' lang='lat' dir='ltr'><strong>et</strong></span> <span class='ocrx_word' id='word_1_52' title='bbox 408 702 470 739; x_wconf 87' lang='lat' dir='ltr'><strong>cnm</strong></span> <span class='ocrx_word' id='word_1_53' title='bbox 480 685 611 755; x_wconf 83' lang='lat' dir='ltr'><strong>praesenti</strong></span> <span class='ocrx_word' id='word_1_54' title='bbox 622 685 702 739; x_wconf 83' lang='lat' dir='ltr'><strong>exitio</strong></span> <span class='ocrx_word' id='word_1_55' title='bbox 710 685 788 738; x_wconf 86' lang='lat' dir='ltr'><strong>etiarn</strong></span> <span class='ocrx_word' id='word_1_56' title='bbox 801 683 842 737; x_wconf 90' lang='lat' dir='ltr'><strong>lu-</strong></span> 
     </span>
     <span class='ocr_line' id='line_1_8' title="bbox 53 759 841 831; baseline 0 -19"><span class='ocrx_word' id='word_1_57' title='bbox 53 762 94 814; x_wconf 88' lang='lat' dir='ltr'><strong>nri</strong></span> <span class='ocrx_word' id='word_1_58' title='bbox 109 776 204 830; x_wconf 82' lang='lat' dir='ltr'><strong>pavor,</strong></span> <span class='ocrx_word' id='word_1_59' title='bbox 225 760 312 813; x_wconf 90' lang='lat' dir='ltr'><strong>subita</strong></span> <span class='ocrx_word' id='word_1_60' title='bbox 329 759 502 814; x_wconf 89' lang='lat' dir='ltr'><strong>inundatione</strong></span> <span class='ocrx_word' id='word_1_61' title='bbox 517 760 636 814; x_wconf 86' lang='lat' dir='ltr'><strong>Tiberis:</strong></span> <span class='ocrx_word' id='word_1_62' title='bbox 658 760 706 831; x_wconf 91' lang='lat' dir='ltr'><strong>qui</strong></span> <span class='ocrx_word' id='word_1_63' title='bbox 720 762 841 814; x_wconf 86' lang='lat' dir='ltr'><strong>inmenso</strong></span> 
     </span>
     <span class='ocr_line' id='line_1_9' title="bbox 53 834 841 908; baseline 0.001 -21"><span class='ocrx_word' id='word_1_64' title='bbox 53 843 133 898; x_wconf 79' lang='lat' dir='ltr'><strong>tuctu,</strong></span> <span class='ocrx_word' id='word_1_65' title='bbox 148 844 257 905; x_wconf 77' lang='lat' dir='ltr'><strong>promito</strong></span> <span class='ocrx_word' id='word_1_66' title='bbox 267 842 345 905; x_wconf 89' lang='lat' dir='ltr'><strong>ponte</strong></span> <span class='ocrx_word' id='word_1_67' title='bbox 354 834 520 899; x_wconf 89' lang='lat' dir='ltr'><strong>Sublicio‚ac</strong></span> <span class='ocrx_word' id='word_1_68' title='bbox 529 843 616 908; x_wconf 79' lang='lat' dir='ltr'><strong>strage</strong></span> <span class='ocrx_word' id='word_1_69' title='bbox 625 834 754 889; x_wconf 90' lang='lat' dir='ltr'><strong>obstantis</strong></span> <span class='ocrx_word' id='word_1_70' title='bbox 763 835 841 888; x_wconf 89' lang='lat' dir='ltr'><strong>molis</strong></span> 
     </span>
     <span class='ocr_line' id='line_1_10' title="bbox 53 908 842 980; baseline 0.001 -18"><span class='ocrx_word' id='word_1_71' title='bbox 53 908 160 973; x_wconf 87' lang='lat' dir='ltr'><strong>elusus,</strong></span> <span class='ocrx_word' id='word_1_72' title='bbox 178 926 230 964; x_wconf 91' lang='lat' dir='ltr'><strong>non</strong></span> <span class='ocrx_word' id='word_1_73' title='bbox 245 910 323 964; x_wconf 87' lang='lat' dir='ltr'><strong>modo</strong></span> <span class='ocrx_word' id='word_1_74' title='bbox 335 910 445 963; x_wconf 81' lang='lat' dir='ltr'><strong>iacentia</strong></span> <span class='ocrx_word' id='word_1_75' title='bbox 456 916 482 963; x_wconf 91' lang='lat' dir='ltr'><strong>et</strong></span> <span class='ocrx_word' id='word_1_76' title='bbox 491 909 568 980; x_wconf 89' lang='lat' dir='ltr'><strong>plana</strong></span> <span class='ocrx_word' id='word_1_77' title='bbox 579 910 655 963; x_wconf 91' lang='lat' dir='ltr'><strong>urbis</strong></span> <span class='ocrx_word' id='word_1_78' title='bbox 667 909 731 975; x_wconf 87' lang='lat' dir='ltr'><strong>loca,</strong></span> <span class='ocrx_word' id='word_1_79' title='bbox 743 910 788 963; x_wconf 88' lang='lat' dir='ltr'><strong>sed</strong></span> <span class='ocrx_word' id='word_1_80' title='bbox 800 928 842 963; x_wconf 91' lang='lat' dir='ltr'><strong>se-</strong></span> 
     </span>
     <span class='ocr_line' id='line_1_11' title="bbox 53 984 842 1056; baseline 0.001 -19"><span class='ocrx_word' id='word_1_81' title='bbox 53 1000 104 1038; x_wconf 82' lang='lat' dir='ltr'><strong>ura</strong></span> <span class='ocrx_word' id='word_1_82' title='bbox 116 984 251 1038; x_wconf 83' lang='lat' dir='ltr'><strong>eiusmodi</strong></span> <span class='ocrx_word' id='word_1_83' title='bbox 263 1002 374 1038; x_wconf 86' lang='lat' dir='ltr'><strong>casuum</strong></span> <span class='ocrx_word' id='word_1_84' title='bbox 384 984 504 1055; x_wconf 79' lang='lat' dir='ltr'><strong>inplevit.</strong></span> <span class='ocrx_word' id='word_1_85' title='bbox 534 985 608 1055; x_wconf 87' lang='lat' dir='ltr'><strong>llapti</strong></span> <span class='ocrx_word' id='word_1_86' title='bbox 620 1002 634 1039; x_wconf 90' lang='lat' dir='ltr'><strong>e</strong></span> <span class='ocrx_word' id='word_1_87' title='bbox 644 985 750 1056; x_wconf 83' lang='lat' dir='ltr'><strong>publico</strong></span> <span class='ocrx_word' id='word_1_88' title='bbox 761 984 842 1056; x_wconf 89' lang='lat' dir='ltr'><strong>pleri-</strong></span> 
     </span>
     <span class='ocr_line' id='line_1_12' title="bbox 53 1058 841 1131; baseline 0.003 -19"><span class='ocrx_word' id='word_1_89' title='bbox 53 1075 104 1131; x_wconf 79' lang='lat' dir='ltr'><strong>pre,</strong></span> <span class='ocrx_word' id='word_1_90' title='bbox 118 1058 211 1129; x_wconf 89' lang='lat' dir='ltr'><strong>plures</strong></span> <span class='ocrx_word' id='word_1_91' title='bbox 223 1059 251 1112; x_wconf 91' lang='lat' dir='ltr'><strong>in</strong></span> <span class='ocrx_word' id='word_1_92' title='bbox 262 1060 377 1114; x_wconf 74' lang='lat' dir='ltr'><strong>tabernis</strong></span> <span class='ocrx_word' id='word_1_93' title='bbox 387 1067 413 1113; x_wconf 90' lang='lat' dir='ltr'><strong>et</strong></span> <span class='ocrx_word' id='word_1_94' title='bbox 422 1058 557 1114; x_wconf 86' lang='lat' dir='ltr'><strong>cubilibus</strong></span> <span class='ocrx_word' id='word_1_95' title='bbox 567 1060 712 1131; x_wconf 85' lang='lat' dir='ltr'><strong>intercepti.</strong></span> <span class='ocrx_word' id='word_1_96' title='bbox 746 1061 841 1115; x_wconf 82' lang='lat' dir='ltr'><strong>Fames</strong></span> 
     </span>
     <span class='ocr_line' id='line_1_13' title="bbox 53 1133 838 1207; baseline 0.004 -21"><span class='ocrx_word' id='word_1_97' title='bbox 53 1151 69 1187; x_wconf 97' lang='lat' dir='ltr'><strong>n</strong></span> <span class='ocrx_word' id='word_1_98' title='bbox 89 1133 202 1207; x_wconf 83' lang='lat' dir='ltr'><strong>vulgus,</strong></span> <span class='ocrx_word' id='word_1_99' title='bbox 221 1135 310 1205; x_wconf 87' lang='lat' dir='ltr'><strong>inopia</strong></span> <span class='ocrx_word' id='word_1_100' title='bbox 330 1143 458 1206; x_wconf 84' lang='lat' dir='ltr'><strong>quaestus</strong></span> <span class='ocrx_word' id='word_1_101' title='bbox 477 1142 503 1188; x_wconf 92' lang='lat' dir='ltr'><strong>et</strong></span> <span class='ocrx_word' id='word_1_102' title='bbox 518 1137 629 1205; x_wconf 80' lang='lat' dir='ltr'><strong>penuria</strong></span> <span class='ocrx_word' id='word_1_103' title='bbox 643 1135 838 1190; x_wconf 88' lang='lat' dir='ltr'><strong>alimentorum.</strong></span> 
     </span>
     <span class='ocr_line' id='line_1_14' title="bbox 53 1208 840 1283; baseline 0 -20"><span class='ocrx_word' id='word_1_104' title='bbox 53 1208 178 1279; x_wconf 78' lang='lat' dir='ltr'><strong>lonrupta</strong></span> <span class='ocrx_word' id='word_1_105' title='bbox 199 1210 382 1283; x_wconf 82' lang='lat' dir='ltr'><strong>stagnantibus</strong></span> <span class='ocrx_word' id='word_1_106' title='bbox 402 1210 480 1281; x_wconf 82' lang='lat' dir='ltr'><strong>aqtris</strong></span> <span class='ocrx_word' id='word_1_107' title='bbox 496 1208 645 1264; x_wconf 87' lang='lat' dir='ltr'><strong>insularum</strong></span> <span class='ocrx_word' id='word_1_108' title='bbox 662 1209 840 1275; x_wconf 79' lang='lat' dir='ltr'><strong>fundamenta,</strong></span> 
     </span>
     <span class='ocr_line' id='line_1_15' title="bbox 53 1283 842 1356; baseline 0 -19"><span class='ocrx_word' id='word_1_109' title='bbox 53 1283 113 1349; x_wconf 83' lang='lat' dir='ltr'><strong>lein,</strong></span> <span class='ocrx_word' id='word_1_110' title='bbox 130 1294 265 1338; x_wconf 82' lang='lat' dir='ltr'><strong>remeante</strong></span> <span class='ocrx_word' id='word_1_111' title='bbox 279 1284 398 1349; x_wconf 87' lang='lat' dir='ltr'><strong>flumine,</strong></span> <span class='ocrx_word' id='word_1_112' title='bbox 413 1284 525 1356; x_wconf 91' lang='lat' dir='ltr'><strong>dilapsa.</strong></span> <span class='ocrx_word' id='word_1_113' title='bbox 567 1285 653 1356; x_wconf 89' lang='lat' dir='ltr'><strong>thue</strong></span> <span class='ocrx_word' id='word_1_114' title='bbox 666 1287 783 1355; x_wconf 89' lang='lat' dir='ltr'><strong>primum</strong></span> <span class='ocrx_word' id='word_1_115' title='bbox 795 1302 842 1337; x_wconf 87' lang='lat' dir='ltr'><strong>vn-</strong></span> 
     </span>
     <span class='ocr_line' id='line_1_16' title="bbox 53 1358 841 1431; baseline -0.001 -19"><span class='ocrx_word' id='word_1_116' title='bbox 53 1375 109 1413; x_wconf 86' lang='lat' dir='ltr'><strong>nus</strong></span> <span class='ocrx_word' id='word_1_117' title='bbox 124 1377 140 1413; x_wconf 89' lang='lat' dir='ltr'><strong>a</strong></span> <span class='ocrx_word' id='word_1_118' title='bbox 155 1358 275 1431; x_wconf 87' lang='lat' dir='ltr'><strong>periculo</strong></span> <span class='ocrx_word' id='word_1_119' title='bbox 288 1361 395 1413; x_wconf 87' lang='lat' dir='ltr'><strong>animus</strong></span> <span class='ocrx_word' id='word_1_120' title='bbox 409 1358 469 1423; x_wconf 82' lang='lat' dir='ltr'><strong>tuit,</strong></span> <span class='ocrx_word' id='word_1_121' title='bbox 490 1360 518 1413; x_wconf 93' lang='lat' dir='ltr'><strong>id</strong></span> <span class='ocrx_word' id='word_1_122' title='bbox 533 1361 635 1430; x_wconf 84' lang='lat' dir='ltr'><strong>ipsum,</strong></span> <span class='ocrx_word' id='word_1_123' title='bbox 655 1360 726 1430; x_wconf 87' lang='lat' dir='ltr'><strong>quod</strong></span> <span class='ocrx_word' id='word_1_124' title='bbox 740 1360 841 1430; x_wconf 90' lang='lat' dir='ltr'><strong>paranti</strong></span> 
     </span>
     <span class='ocr_line' id='line_1_17' title="bbox 57 1433 839 1505; baseline -0.003 -17"><span class='ocrx_word' id='word_1_125' title='bbox 57 1434 237 1505; x_wconf 78' lang='lat' dir='ltr'><strong>xpeditionem</strong></span> <span class='ocrx_word' id='word_1_126' title='bbox 248 1433 355 1498; x_wconf 84' lang='lat' dir='ltr'><strong>Othoni,</strong></span> <span class='ocrx_word' id='word_1_127' title='bbox 370 1452 482 1505; x_wconf 85' lang='lat' dir='ltr'><strong>campus</strong></span> <span class='ocrx_word' id='word_1_128' title='bbox 492 1435 603 1488; x_wconf 84' lang='lat' dir='ltr'><strong>Martius</strong></span> <span class='ocrx_word' id='word_1_129' title='bbox 612 1442 638 1487; x_wconf 90' lang='lat' dir='ltr'><strong>et</strong></span> <span class='ocrx_word' id='word_1_130' title='bbox 647 1436 690 1487; x_wconf 93' lang='lat' dir='ltr'><strong>via</strong></span> <span class='ocrx_word' id='word_1_131' title='bbox 700 1434 839 1497; x_wconf 86' lang='lat' dir='ltr'><strong>Flaminia,</strong></span> 
     </span>
     <span class='ocr_line' id='line_1_18' title="bbox 63 1508 841 1564; baseline -0.003 -1"><span class='ocrx_word' id='word_1_132' title='bbox 63 1520 90 1563; x_wconf 84' lang='lat' dir='ltr'><strong>er</strong></span> <span class='ocrx_word' id='word_1_133' title='bbox 109 1509 175 1563; x_wconf 91' lang='lat' dir='ltr'><strong>belli</strong></span> <span class='ocrx_word' id='word_1_134' title='bbox 194 1518 264 1563; x_wconf 88' lang='lat' dir='ltr'><strong>esset</strong></span> <span class='ocrx_word' id='word_1_135' title='bbox 281 1510 447 1564; x_wconf 83' lang='lat' dir='ltr'><strong>obstructum</strong></span> <span class='ocrx_word' id='word_1_136' title='bbox 462 1527 476 1562; x_wconf 87' lang='lat' dir='ltr'><strong>a</strong></span> <span class='ocrx_word' id='word_1_137' title='bbox 490 1508 605 1564; x_wconf 76' lang='lat' dir='ltr'><strong>fortuitis</strong></span> <span class='ocrx_word' id='word_1_138' title='bbox 620 1508 661 1562; x_wconf 90' lang='lat' dir='ltr'><strong>vel</strong></span> <span class='ocrx_word' id='word_1_139' title='bbox 676 1509 841 1563; x_wconf 87' lang='lat' dir='ltr'><strong>naturalibus</strong></span> 
     </span>
     <span class='ocr_line' id='line_1_19' title="bbox 67 1583 840 1658; baseline 0 -20"><span class='ocrx_word' id='word_1_140' title='bbox 67 1586 156 1648; x_wconf 85' lang='lat' dir='ltr'><strong>ussis,</strong></span> <span class='ocrx_word' id='word_1_141' title='bbox 178 1585 206 1638; x_wconf 92' lang='lat' dir='ltr'><strong>in</strong></span> <span class='ocrx_word' id='word_1_142' title='bbox 222 1584 374 1658; x_wconf 89' lang='lat' dir='ltr'><strong>prodigium</strong></span> <span class='ocrx_word' id='word_1_143' title='bbox 391 1592 416 1638; x_wconf 88' lang='lat' dir='ltr'><strong>et</strong></span> <span class='ocrx_word' id='word_1_144' title='bbox 429 1600 507 1639; x_wconf 88' lang='lat' dir='ltr'><strong>omen</strong></span> <span class='ocrx_word' id='word_1_145' title='bbox 521 1584 710 1639; x_wconf 89' lang='lat' dir='ltr'><strong>inminentium</strong></span> <span class='ocrx_word' id='word_1_146' title='bbox 725 1583 840 1639; x_wconf 88' lang='lat' dir='ltr'><strong>cladium</strong></span> 
     </span>
     <span class='ocr_line' id='line_1_20' title="bbox 73 1660 203 1713; baseline 0 0"><span class='ocrx_word' id='word_1_147' title='bbox 73 1660 203 1713; x_wconf 85' lang='lat' dir='ltr'><strong>rtebatur.</strong></span> 
     </span>
     <span class='ocr_line' id='line_1_21' title="bbox 94 1732 839 1807; baseline 0.001 -19"><span class='ocrx_word' id='word_1_148' title='bbox 94 1737 139 1789; x_wconf 78' lang='lat'><strong>8²1.</strong></span> <span class='ocrx_word' id='word_1_149' title='bbox 162 1733 241 1798; x_wconf 86' lang='lat' dir='ltr'><strong>Otho,</strong></span> <span class='ocrx_word' id='word_1_150' title='bbox 259 1732 367 1789; x_wconf 87' lang='lat' dir='ltr'><strong>lustrata</strong></span> <span class='ocrx_word' id='word_1_151' title='bbox 381 1733 457 1800; x_wconf 86' lang='lat' dir='ltr'><strong>urbe,</strong></span> <span class='ocrx_word' id='word_1_152' title='bbox 472 1742 497 1789; x_wconf 88' lang='lat' dir='ltr'><strong>et</strong></span> <span class='ocrx_word' id='word_1_153' title='bbox 505 1735 630 1807; x_wconf 83' lang='lat' dir='ltr'><strong>expensis</strong></span> <span class='ocrx_word' id='word_1_154' title='bbox 640 1734 839 1801; x_wconf 86' lang='lat' dir='ltr'><strong>belliconsiliis‚</strong></span> 
     </span>
     <span class='ocr_line' id='line_1_22' title="bbox 82 1809 840 1883; baseline 0.005 -20"><span class='ocrx_word' id='word_1_155' title='bbox 82 1809 150 1863; x_wconf 76' lang='lat' dir='ltr'><strong>indo</strong></span> <span class='ocrx_word' id='word_1_156' title='bbox 164 1809 281 1875; x_wconf 64' lang='lat' dir='ltr'><strong>Peninae</strong></span> <span class='ocrx_word' id='word_1_157' title='bbox 294 1809 446 1883; x_wconf 88' lang='lat' dir='ltr'><strong>Cottiaeque</strong></span> <span class='ocrx_word' id='word_1_158' title='bbox 460 1810 541 1882; x_wconf 77' lang='lat' dir='ltr'><strong>Alpes</strong></span> <span class='ocrx_word' id='word_1_159' title='bbox 559 1818 584 1865; x_wconf 90' lang='lat' dir='ltr'><strong>et</strong></span> <span class='ocrx_word' id='word_1_160' title='bbox 600 1812 678 1865; x_wconf 87' lang='lat' dir='ltr'><strong>ceteri</strong></span> <span class='ocrx_word' id='word_1_161' title='bbox 694 1812 840 1867; x_wconf 83' lang='lat' dir='ltr'><strong>Galliarum</strong></span> 
     </span>
     <span class='ocr_line' id='line_1_23' title="bbox 86 1884 891 1950; baseline 0.004 -12"><span class='ocrx_word' id='word_1_162' title='bbox 86 1894 129 1939; x_wconf 88' lang='lat' dir='ltr'><strong>tus</strong></span> <span class='ocrx_word' id='word_1_163' title='bbox 139 1884 290 1939; x_wconf 84' lang='lat' dir='ltr'><strong>Vitellianis</strong></span> <span class='ocrx_word' id='word_1_164' title='bbox 301 1887 461 1941; x_wconf 82' lang='lat' dir='ltr'><strong>exercitibus</strong></span> <span class='ocrx_word' id='word_1_165' title='bbox 471 1886 670 1950; x_wconf 81' lang='lat' dir='ltr'><strong>claudebantur,</strong></span> <span class='ocrx_word' id='word_1_166' title='bbox 686 1887 842 1943; x_wconf 87' lang='lat' dir='ltr'><strong>Narbonen·</strong></span> <span class='ocrx_word' id='word_1_167' title='bbox 885 1936 891 1949; x_wconf 81' lang='grc'>,</span> 
     </span>
     <span class='ocr_line' id='line_1_24' title="bbox 91 1960 841 2034; baseline 0.003 -21"><span class='ocrx_word' id='word_1_168' title='bbox 91 1980 97 2013; x_wconf 80' lang='lat' dir='ltr'><strong>r</strong></span> <span class='ocrx_word' id='word_1_169' title='bbox 113 1960 232 2015; x_wconf 86' lang='lat' dir='ltr'><strong>Galliam</strong></span> <span class='ocrx_word' id='word_1_170' title='bbox 247 1960 354 2033; x_wconf 81' lang='lat' dir='ltr'><strong>adgredi</strong></span> <span class='ocrx_word' id='word_1_171' title='bbox 365 1963 469 2029; x_wconf 80' lang='lat' dir='ltr'><strong>statuit;</strong></span> <span class='ocrx_word' id='word_1_172' title='bbox 490 1962 575 2016; x_wconf 89' lang='lat' dir='ltr'><strong>classe</strong></span> <span class='ocrx_word' id='word_1_173' title='bbox 584 1960 671 2015; x_wconf 84' lang='lat' dir='ltr'><strong>valida</strong></span> <span class='ocrx_word' id='word_1_174' title='bbox 686 1970 711 2015; x_wconf 89' lang='lat' dir='ltr'><strong>et</strong></span> <span class='ocrx_word' id='word_1_175' title='bbox 721 1964 841 2034; x_wconf 83' lang='lat' dir='ltr'><strong>partibus</strong></span> 
     </span>
     <span class='ocr_line' id='line_1_25' title="bbox 98 2034 842 2109; baseline -0.001 -20"><span class='ocrx_word' id='word_1_176' title='bbox 98 2078 101 2095; x_wconf 88' lang='lat'>.</span> <span class='ocrx_word' id='word_1_177' title='bbox 123 2036 200 2107; x_wconf 82' lang='lat' dir='ltr'><strong>qttod</strong></span> <span class='ocrx_word' id='word_1_178' title='bbox 214 2034 332 2106; x_wconf 87' lang='lat' dir='ltr'><strong>reliquos</strong></span> <span class='ocrx_word' id='word_1_179' title='bbox 345 2054 480 2091; x_wconf 85' lang='lat' dir='ltr'><strong>caesorum</strong></span> <span class='ocrx_word' id='word_1_180' title='bbox 496 2037 528 2091; x_wconf 93' lang='lat' dir='ltr'><strong>ad</strong></span> <span class='ocrx_word' id='word_1_181' title='bbox 543 2046 649 2109; x_wconf 91' lang='lat' dir='ltr'><strong>pontem</strong></span> <span class='ocrx_word' id='word_1_182' title='bbox 662 2037 796 2101; x_wconf 83' lang='lat' dir='ltr'><strong>ldilvium,</strong></span> <span class='ocrx_word' id='word_1_183' title='bbox 817 2044 842 2089; x_wconf 84' lang='lat' dir='ltr'><strong>et</strong></span> 
     </span>
     <span class='ocr_line' id='line_1_26' title="bbox 101 2110 842 2184; baseline 0 -20"><span class='ocrx_word' id='word_1_184' title='bbox 101 2110 259 2165; x_wconf 87' lang='lat' dir='ltr'><strong>itiaGalbae</strong></span> <span class='ocrx_word' id='word_1_185' title='bbox 269 2112 297 2165; x_wconf 91' lang='lat' dir='ltr'><strong>in</strong></span> <span class='ocrx_word' id='word_1_186' title='bbox 307 2112 453 2166; x_wconf 89' lang='lat' dir='ltr'><strong>custodiam</strong></span> <span class='ocrx_word' id='word_1_187' title='bbox 463 2112 610 2177; x_wconf 86' lang='lat' dir='ltr'><strong>habit0s,in</strong></span> <span class='ocrx_word' id='word_1_188' title='bbox 624 2129 750 2167; x_wconf 88' lang='lat' dir='ltr'><strong>numeros</strong></span> <span class='ocrx_word' id='word_1_189' title='bbox 761 2110 842 2184; x_wconf 81' lang='lat' dir='ltr'><strong>legio·</strong></span> 
     </span>
     <span class='ocr_line' id='line_1_27' title="bbox 106 2185 840 2259; baseline -0.003 -19"><span class='ocrx_word' id='word_1_190' title='bbox 106 2195 304 2256; x_wconf 48' lang='lat' dir='ltr'><strong>composueram</strong></span> <span class='ocrx_word' id='word_1_191' title='bbox 330 2185 395 2240; x_wconf 86' lang='lat' dir='ltr'><strong>lucta</strong></span> <span class='ocrx_word' id='word_1_192' title='bbox 416 2195 441 2241; x_wconf 88' lang='lat' dir='ltr'><strong>et</strong></span> <span class='ocrx_word' id='word_1_193' title='bbox 456 2188 548 2242; x_wconf 85' lang='lat' dir='ltr'><strong>ceteris</strong></span> <span class='ocrx_word' id='word_1_194' title='bbox 563 2205 611 2259; x_wconf 86' lang='lat' dir='ltr'><strong>epe</strong></span> <span class='ocrx_word' id='word_1_195' title='bbox 625 2186 799 2243; x_wconf 88' lang='lat' dir='ltr'><strong>honoratioris</strong></span> <span class='ocrx_word' id='word_1_196' title='bbox 813 2188 840 2238; x_wconf 93' lang='lat' dir='ltr'><strong>in</strong></span> 
     </span>
     <span class='ocr_line' id='line_1_28' title="bbox 111 2261 842 2317; baseline -0.003 -3"><span class='ocrx_word' id='word_1_197' title='bbox 111 2279 179 2315; x_wconf 79' lang='lat' dir='ltr'><strong>rum</strong></span> <span class='ocrx_word' id='word_1_198' title='bbox 190 2261 311 2316; x_wconf 86' lang='lat' dir='ltr'><strong>militiae.</strong></span> <span class='ocrx_word' id='word_1_199' title='bbox 351 2261 459 2316; x_wconf 77' lang='lat' dir='ltr'><strong>Addidit</strong></span> <span class='ocrx_word' id='word_1_200' title='bbox 474 2261 551 2316; x_wconf 89' lang='lat' dir='ltr'><strong>classi</strong></span> <span class='ocrx_word' id='word_1_201' title='bbox 563 2263 679 2317; x_wconf 87' lang='lat' dir='ltr'><strong>urbanas</strong></span> <span class='ocrx_word' id='word_1_202' title='bbox 689 2262 807 2316; x_wconf 89' lang='lat' dir='ltr'><strong>cohortes</strong></span> <span class='ocrx_word' id='word_1_203' title='bbox 817 2267 842 2313; x_wconf 89' lang='lat' dir='ltr'><strong>et</strong></span> 
     </span>
     <span class='ocr_line' id='line_1_29' title="bbox 116 2336 841 2409; baseline -0.004 -18"><span class='ocrx_word' id='word_1_204' title='bbox 116 2336 479 2409; x_wconf 81' lang='lat' dir='ltr'><strong>sqneepraetorianis‚vires</strong></span> <span class='ocrx_word' id='word_1_205' title='bbox 489 2346 514 2391; x_wconf 91' lang='lat' dir='ltr'><strong>et</strong></span> <span class='ocrx_word' id='word_1_206' title='bbox 523 2338 604 2392; x_wconf 92' lang='lat' dir='ltr'><strong>robur</strong></span> <span class='ocrx_word' id='word_1_207' title='bbox 613 2337 753 2399; x_wconf 85' lang='lat' dir='ltr'><strong>exercitus,</strong></span> <span class='ocrx_word' id='word_1_208' title='bbox 763 2342 841 2406; x_wconf 77' lang='lat' dir='ltr'><strong>attpte</strong></span> 
     </span>
     <span class='ocr_line' id='line_1_30' title="bbox 122 2411 842 2481; baseline -0.003 -15"><span class='ocrx_word' id='word_1_209' title='bbox 122 2411 241 2466; x_wconf 88' lang='lat' dir='ltr'><strong>ducibus</strong></span> <span class='ocrx_word' id='word_1_210' title='bbox 251 2411 393 2466; x_wconf 85' lang='lat' dir='ltr'><strong>consilinm</strong></span> <span class='ocrx_word' id='word_1_211' title='bbox 407 2420 433 2465; x_wconf 91' lang='lat' dir='ltr'><strong>et</strong></span> <span class='ocrx_word' id='word_1_212' title='bbox 442 2413 572 2468; x_wconf 87' lang='lat' dir='ltr'><strong>custodes.</strong></span> <span class='ocrx_word' id='word_1_213' title='bbox 612 2411 723 2465; x_wconf 86' lang='lat' dir='ltr'><strong>Summa</strong></span> <span class='ocrx_word' id='word_1_214' title='bbox 734 2411 842 2481; x_wconf 88' lang='lat' dir='ltr'><strong>expedi-</strong></span> 
     </span>
     <span class='ocr_line' id='line_1_31' title="bbox 135 2485 849 2561; baseline -0.001 -21"><span class='ocrx_word' id='word_1_215' title='bbox 135 2486 252 2541; x_wconf 84' lang='lat' dir='ltr'><strong>ltntonio</strong></span> <span class='ocrx_word' id='word_1_216' title='bbox 266 2487 385 2552; x_wconf 83' lang='lat' dir='ltr'><strong>Novello,</strong></span> <span class='ocrx_word' id='word_1_217' title='bbox 402 2486 498 2543; x_wconf 88' lang='lat' dir='ltr'><strong>Suedio</strong></span> <span class='ocrx_word' id='word_1_218' title='bbox 513 2487 656 2551; x_wconf 83' lang='lat' dir='ltr'><strong>Clementi,</strong></span> <span class='ocrx_word' id='word_1_219' title='bbox 670 2485 849 2561; x_wconf 58' lang='lat' dir='ltr'><strong>priminian-</strong></span> 
     </span>
     <span class='ocr_line' id='line_1_32' title="bbox 129 2560 871 2643; baseline 0 -30"><span class='ocrx_word' id='word_1_220' title='bbox 129 2560 232 2614; x_wconf 86' lang='lat' dir='ltr'><strong>lemih&#39;o</strong></span> <span class='ocrx_word' id='word_1_221' title='bbox 240 2562 359 2631; x_wconf 82' lang='lat' dir='ltr'><strong>Pacensi,</strong></span> <span class='ocrx_word' id='word_1_222' title='bbox 377 2564 422 2621; x_wconf 90' lang='lat' dir='ltr'><strong>cui</strong></span> <span class='ocrx_word' id='word_1_223' title='bbox 437 2566 602 2643; x_wconf 80' lang='lat' dir='ltr'><strong>ademptum</strong></span> <span class='ocrx_word' id='word_1_224' title='bbox 613 2561 871 2622; x_wconf 59' lang='lat' dir='ltr'><strong>anathotitem-</strong></span> 
     </span>
    </p>
   </div>
   <div class='ocr_carea' id='block_1_3' title="bbox 135 2634 895 2710">
    <p class='ocr_par' dir='ltr' id='par_1_3' title="bbox 135 2634 895 2710">
     <span class='ocr_line' id='line_1_33' title="bbox 135 2634 895 2710; baseline 0.011 -26"><span class='ocrx_word' id='word_1_225' title='bbox 135 2634 258 2703; x_wconf 82' lang='lat' dir='ltr'><strong>ididerat,</strong></span> <span class='ocrx_word' id='word_1_226' title='bbox 272 2643 427 2710; x_wconf 82' lang='lat' dir='ltr'><strong>permissa.</strong></span> <span class='ocrx_word' id='word_1_227' title='bbox 474 2649 584 2707; x_wconf 79' lang='lat' dir='ltr'><strong>Curam</strong></span> <span class='ocrx_word' id='word_1_228' title='bbox 599 2645 731 2705; x_wconf 67' lang='lat' dir='ltr'><strong>nemum</strong></span> <span class='ocrx_word' id='word_1_229' title='bbox 739 2634 895 2698; x_wconf 60' lang='lat' dir='ltr'><strong>Qecnshx-</strong></span> 
     </span>
    </p>
   </div>
   <div class='ocr_carea' id='block_1_4' title="bbox 140 2708 918 2788">
    <p class='ocr_par' dir='ltr' id='par_1_4' title="bbox 140 2708 918 2788">
     <span class='ocr_line' id='line_1_34' title="bbox 140 2708 918 2788; baseline 0.018 -26"><span class='ocrx_word' id='word_1_230' title='bbox 140 2708 263 2779; x_wconf 83' lang='lat' dir='ltr'><strong>ctinabat,</strong></span> <span class='ocrx_word' id='word_1_231' title='bbox 282 2719 322 2776; x_wconf 90' lang='lat' dir='ltr'><strong>ad</strong></span> <span class='ocrx_word' id='word_1_232' title='bbox 334 2721 564 2788; x_wconf 79' lang='lat' dir='ltr'><strong>observandam</strong></span> <span class='ocrx_word' id='word_1_233' title='bbox 580 2726 802 2787; x_wconf 65' lang='lat' dir='ltr'><strong>nummorum</strong></span> <span class='ocrx_word' id='word_1_234' title='bbox 819 2712 918 2768; x_wconf 53' lang='lat' dir='ltr'><strong>hm</strong></span> 
     </span>
    </p>
   </div>
   <div class='ocr_carea' id='block_1_5' title="bbox 0 0 980 3016">
    <p class='ocr_par' dir='ltr' id='par_1_5' title="bbox 0 0 980 3016">
     <span class='ocr_line' id='line_1_35' title="bbox 0 0 980 3016; baseline 0 0"><span class='ocrx_word' id='word_1_235' title='bbox 0 0 980 3016; x_wconf 95' lang='lat' dir='ltr'><strong> </strong></span> 
     </span>
    </p>
   </div>
  </div>
 </body>
</html>
