1950 3016
127 207 178 265 an
258 212 483 263 occanum.
503 211 794 260 nuenarianam.

127 315 253 373 Germani
265 323 357 389 agunt.
394 314 489 369 Sordes
498 315 619 369 omnium
631 331 662 368 ac
672 320 761 385 torpor
770 328 924 386 procerumt

126 391 268 446 connubiis
288 391 390 454 mixtis,
414 389 535 445 nonnihil
554 390 582 442 in
603 389 784 443 Sarmatarum
804 389 924 444 habitunt

127 464 273 523 foedantur.
285 465 384 522 Venedi
393 464 509 519 multum
519 482 553 519 ex
561 464 682 518 moribus
691 472 838 519 traxerunt.
860 465 924 519 Nem

126 542 258 613 quicquid
271 542 340 595 inter
354 540 483 594 Peucinos
496 540 657 610 Fennosque
669 538 799 594 silvarum
811 557 843 594 ae
852 557 926 595 mon·

125 619 193 671 tium
205 617 326 689 erigitur,
334 614 477 670 latrociniis
487 622 631 685 pererrant.
646 615 678 667 lli
689 623 776 668 tamen
788 615 926 670 interGer-

126 709 220 747 manos
230 693 319 763 potius
329 688 560 760 referunturquia
570 696 597 742 et
606 688 699 743 domos
708 689 859 762 irnguutet
867 707 927 744 scu·

128 773 273 840 egestam,
290 774 315 820 et
328 765 426 836 pedum
438 782 492 820 usu
501 781 531 818 ac
543 765 697 835 pernicitate
706 765 838 837 gaudent3
859 781 926 837 quae

126 843 214 897 omnia
229 841 334 896 diversa
349 839 476 895 Sarmatis
490 846 563 903 aunt,
584 840 613 893 in
622 837 742 909 plaustro
751 857 877 912 equoque
887 840 926 895 vi-

126 917 261 971 ventibus.
300 916 400 970 Fennis
415 916 483 969 mira
498 913 596 978 feritas,
612 912 686 968 foeda
695 923 853 986 paupertas:
874 931 926 970 non

126 1006 209 1054 arma,
231 1007 282 1045 non
297 989 370 1060 equi,
391 1007 443 1045 non
458 991 581 1044 Penates:
602 989 686 1043 victui
704 989 797 1055 herba,
819 989 925 1045 vestitui

125 1063 218 1136 pelles,
234 1063 323 1118 cubile
336 1064 446 1118 humus.
486 1063 546 1119 Sola
557 1066 584 1118 in
595 1064 698 1136 sagittis
709 1081 781 1135 spes,
793 1082 873 1136 quas,
885 1065 926 1119 in·

125 1139 185 1209 opia
201 1137 272 1203 ferri,
292 1138 400 1193 ossibus
414 1147 546 1210 asperent.
586 1138 714 1210 Idemque
725 1147 839 1194 venatus
855 1140 924 1195 virus

125 1215 223 1285 pariter
233 1231 264 1267 ac
273 1212 386 1268 feminas
397 1213 452 1268 alit.
483 1214 586 1268 Passim
600 1216 672 1268 enim
683 1216 853 1279 comitantur,
865 1232 925 1286 par-

125 1297 233 1361 temque
242 1287 354 1359 praedae
364 1296 465 1359 petunt.
505 1287 923 1345 Neealiudinlantibuslerarum

125 1364 310 1434 imbriumque
324 1363 483 1436 suffugium,
505 1381 587 1435 quam
603 1363 675 1418 utin
689 1363 780 1436 aliquo
790 1380 924 1419 ramorum

125 1456 196 1494 nexu
211 1446 393 1511 contegantur.
433 1439 492 1492 Huc
505 1438 617 1493 redeunt
625 1439 747 1504 iuvenes,
768 1439 923 1494 hocsenum

125 1512 330 1585 receptaculum.
345 1511 397 1567 Sed
407 1513 510 1567 beatius
519 1513 779 1586 arbitrantur‚quam
790 1514 925 1588 ingemere

125 1578 206 1661 agiis,
228 1587 376 1643 inlaborare
393 1587 528 1652 domibus,
549 1605 612 1642 suas
632 1588 786 1661 alienasque
806 1589 926 1645 fortunas

124 1680 173 1733 spe
183 1670 309 1734 metuque
318 1680 433 1718 versare.
464 1661 555 1717 Securi
566 1663 694 1719 adversus
704 1664 838 1730 homines,
850 1681 926 1720 secu-

124 1738 148 1790 ri
162 1736 291 1791 adversus
305 1737 378 1802 deos,
399 1755 456 1792 rem
471 1737 658 1793 difficillimam
673 1739 794 1793 adsecuti
801 1748 877 1806 sunt,
898 1746 927 1794 ut

124 1809 179 1864 illis
189 1828 223 1864 ne
233 1819 293 1865 voto
307 1811 416 1882 quidem
428 1830 496 1884 opus
506 1821 584 1867 esset.
624 1813 715 1869 Cetera
726 1814 778 1868 iam
790 1813 924 1871 fabulose:

124 1883 256 1939 Hellusios
271 1893 296 1939 et
308 1884 426 1941 Oxionas
439 1905 483 1942 ora
497 1887 638 1943 homiuum
649 1887 804 1961 vultusque,
816 1906 925 1962 carpam
968 1934 971 1967 ε

124 1968 204 2032 atque
217 1968 290 2015 artus
308 1959 423 2016 ferarum
438 1978 538 2034 gerere.
577 1963 656 2030 Quod
665 1981 724 2039 ego,
735 1973 766 2020 ut
775 1965 927 2038 incomper-
968 1970 971 2029 l

123 2044 191 2101 tum,
203 2035 532 2109 iumediumrelinquam.
966 2070 971 2285 1
