1950 3016
104 193 190 246 tet.
342 194 665 242 n1suon1uuuu
765 185 898 261 (uam.

102 299 135 352 ba
150 311 282 366 vanasque
294 293 362 350 duas
376 302 455 351 testes
469 296 610 360 habebant,
626 294 755 351 Cluvium
764 294 867 351 Rufum
875 302 903 352 st

101 369 339 426 Siliumltalicum.
359 370 456 426 Vultus
465 371 557 442 procul
566 370 717 426 visentibus
725 371 899 428 notabantur:

101 446 200 502 Vitellii
210 447 343 516 proiectus
352 453 377 499 et
386 445 515 519 degener,
535 445 652 500 Sabinus
662 462 714 501 nan
725 446 903 509 insultans,et

102 522 238 576 miseranti
249 522 365 592 propior.

156 600 199 652 66.
220 595 322 662 Quodsi
335 603 389 650 tam
403 594 479 649 facile
491 612 602 650 suorum
614 602 718 649 mentes
727 593 846 650 {1er
854 594 902 649 Vi-

101 671 200 736 tellius,
215 689 298 743 quam
311 671 369 741 ipse
384 677 506 734 cesserat,
518 672 683 724 incruentam
694 669 788 723 urbem
799 669 902 740 Vespa·

101 748 170 802 siani
183 749 315 801 exercitus
325 746 457 800 intrasset.
485 744 617 808 Ceterum,
629 752 658 798 ut
666 744 786 815 quisque
794 743 903 800 Vitellio

101 823 182 887 fidus,
192 823 229 876 ita
237 838 329 892 pacem
340 829 366 875 et
374 820 536 875 conditiones
545 819 707 883 abnuebant,
718 823 861 873 dammas
868 834 903 873 aa

102 902 210 951 dederas
223 903 393 960 ostentantes,
409 904 433 948 et
446 898 520 964 Mem
535 899 563 947 in
576 897 682 947 libidine
690 898 808 948 siclarin
846 893 902 948 Nes

102 980 201 1024 tantam
225 972 381 1037 Vespasiano
398 973 553 1036 superbiam,
574 976 603 1021 at
619 973 754 1036 privatam
772 969 902 1023 Vitelliam

100 1052 249 1112 pateretur:
268 1061 300 1096 ns
310 1048 391 1097 aictos
400 1047 502 1111 pridem
513 1047 619 1096 laturos.
657 1043 701 1096 Ita
707 1045 855 1109 periculam
867 1059 902 1096 ss

101 1121 289 1172 misericordia.
323 1118 411 1184 Ipsam
420 1135 482 1170 sarie
492 1134 585 1179 sarem,
596 1125 621 1169 et
626 1121 760 1184 prosperis
768 1121 903 1171 adversis·
921 1150 924 1154 -

102 1211 150 1261 qne
159 1197 291 1246 satiatam.
331 1191 385 1246 Sed
394 1195 461 1260 qaod
470 1208 568 1253 nomen
581 1208 655 1259 parm
665 1199 761 1245 statum
771 1194 827 1259 ptto
835 1196 901 1254 eius,

103 1267 267 1330 Gennanico,
282 1265 356 1336 lare?
374 1266 450 1321 Nunc
459 1271 596 1334 pecaniam
609 1274 632 1318 et
642 1268 771 1334 {anillam
779 1275 805 1319 st
816 1270 903 1320 matos

104 1341 261 1410 Campaniae
269 1346 343 1396 sinas
350 1345 481 1409 promitti:
497 1346 549 1404 sed,
560 1344 605 1394 adi
615 1344 751 1408 imperinm
763 1341 904 1408 Vespasia·

101 1435 150 1471 nas
160 1421 293 1480 inseruerit,
305 1421 424 1484 nosipsi,
436 1433 487 1470 stan
496 1420 589 1469 amicis
597 1420 661 1477 sias,
672 1431 724 1467 nan
732 1419 843 1484 danique
852 1432 903 1469 ea·-

101 1495 224 1547 ercitilras
237 1498 408 1554 securitatem,
428 1491 481 1545 nisi
496 1495 624 1544 castineto
640 1491 781 1551 aemulata,
801 1493 904 1544 redita·

100 1583 167 1621 rom.
192 1567 302 1620 Fabiam
313 1569 367 1619 illis
381 1566 517 1627 Valentem,
530 1569 660 1632 captivam
669 1572 694 1616 et
704 1567 807 1618 casibus
816 1567 903 1619 dubiis

101 1649 268 1702 reservatam,
282 1656 452 1706 praepraasm
465 1642 558 1707 faisse:
581 1642 674 1690 nodam
688 1638 791 1691 Primus
803 1655 837 1692 aa
846 1638 903 1693 Fa-

64 1716 68 1721 '
101 1731 161 1768 sous
170 1723 193 1766 et
203 1718 329 1780 specimen
336 1719 453 1778 partiam
465 1715 613 1774 Marianas,
629 1714 711 1765 ullam
720 1715 749 1764 in
762 1713 901 1776 Vitelliani,

101 1791 154 1842 nisi
162 1790 304 1850 meldradi,
317 1789 446 1840 licentiam
456 1789 572 1840 halmal.
606 1786 666 1840 Nan
675 1804 694 1838 a
705 1784 818 1840 &saara
826 1788 903 1840 Pam-

100 1865 194 1930 psiam,
215 1876 266 1912 raon
284 1863 318 1913 aa
336 1860 450 1927 Aspasia
470 1861 608 1914 ,intertium
628 1863 769 1914 incolumes
786 1864 900 1915 relictas.

100 1936 161 1991 Nisi
178 1940 244 2003 (orte
266 1935 438 2001 Vespasianus
456 1937 563 1987 altiores
579 1939 690 2000 spiritus
702 1943 784 2002 amat,
804 1936 902 1989 Vitellii

100 2013 188 2071 cliens,
210 2026 268 2062 cam
286 2009 402 2061 Vitellius
416 2011 521 2076 conlepa
534 2007 643 2062 Claudia
655 2014 731 2077 torst.
773 2009 852 2073 (lain,
871 2017 903 2063 at

101 2100 237 2139 censuram
244 2086 338 2151 patris,
358 2091 386 2136 ut
401 2091 453 2137 tres
464 2085 620 2146 consulatus,
640 2092 670 2136 at
681 2092 716 2137 tot
726 2088 902 2152 eprepiaedo·

100 2176 158 2213 mas
170 2162 278 2212 datores
291 2161 399 2219 deceret,
418 2161 595 2225 desperatione
610 2160 702 2210 saltam
718 2163 746 2210 in
759 2161 902 2211 andanem

100 2239 287 2301 accinperetar.
311 2233 554 2295 Perstarsmilitem,
564 2236 793 2299 saperessastadio
800 2235 899 2300 papali.

100 2310 216 2375 Denique
231 2309 297 2360 rtiiil
310 2310 427 2360 atracias
436 2316 593 2368 eventuram,
609 2323 686 2374 qaam
696 2311 724 2360 in
733 2311 801 2374 qaod
810 2315 902 2374 spatas

100 2391 187 2436 ruant.
216 2382 379 2436 Marisndum
388 2385 472 2443 uictis,
483 2385 643 2433 moriendum
654 2384 760 2434 deditis:
780 2385 808 2435 ld
816 2385 902 2435 emam

100 2462 205 2525 reterre,
216 2460 381 2508 amasinum
393 2459 515 2522 spiritam
523 2471 570 2521 per
580 2457 720 2507 ladibriam
732 2464 755 2508 al
769 2465 902 2509 cantame-
939 2481 947 2495 ν

101 2533 152 2583 lias
162 2534 303 2598 effundant,
314 2546 350 2582 aa
357 2546 406 2596 per
415 2533 543 2582 virtatem.

146 2605 187 2656 a7.
210 2600 789 2661 Sardaeadsortiamusiliaiiteiiioaures.
812 2600 905 2653 (inxu-

72 2672 174 2731 ebatur
192 2681 313 2739 mainus
331 2681 516 2740 miseratione
530 2692 670 2751 auraque,
687 2690 727 2729 nn
737 2671 926 2741 usst'ww'aw
