1950 3016
94 170 220 245 namn.)
288 181 366 227 urs.
384 181 438 229 111.
458 183 546 254 cae.
567 186 611 231 eo.
630 187 674 232 er.
846 183 888 234 151

147 285 192 339 60.
213 283 301 336 Duoes
314 282 431 352 partium
445 291 475 339 ut
489 283 615 339 Carsulas
630 303 734 352 venare,
749 304 848 358 paucos
860 287 894 342 ad

93 358 217 430 requiem
236 356 295 411 dies
313 367 436 422 sumunt,
452 359 536 413 donec
545 359 651 431 aquilae
667 363 797 435 signaque
812 362 894 431 legio-

93 448 161 489 num
171 431 390 502 adsequerentur.
410 433 444 487 Et
454 433 528 488 loeus
540 436 596 506 ipse
606 443 751 490 castrorum
764 438 891 507 placebat,

91 504 144 563 late
152 515 336 579 prospectans,
350 515 405 562 tuto
418 510 554 579 copiarum
567 509 688 582 adgestu,
700 509 894 565 florentissimis

91 598 163 654 pone
172 590 279 654 tergum
292 583 457 653 municipiis.
492 583 578 638 Simul
589 584 730 655 conloquia
739 602 801 639 cum
813 585 895 639 Vitel-

91 655 183 721 lianis,
206 657 298 712 decem
319 655 435 711 millium
455 661 540 728 patio
551 658 723 723 distantibus,
744 668 769 712 et
782 660 895 730 proditio

91 731 260 803 sprerabatur.
300 731 386 804 Aegra
399 731 427 785 id
441 734 495 802 pati
510 733 598 801 miles,
619 742 645 788 et
655 734 790 788 victoriam
804 733 893 798 malla,

90 823 176 878 (quam
191 823 294 878 paoem.
334 807 374 861 Ne
386 823 450 861 suas
462 806 572 878 quidem
588 808 704 881 legiones
720 808 895 879 opperieban-

91 889 147 945 tur,
158 889 190 935 ut
199 880 320 951 praedae,
331 897 413 952 quam
424 881 613 951 periculorum,
625 885 719 937 socias.
741 883 851 937 Vocatus
861 881 895 936 ad

90 956 248 1011 oonoionem
266 954 399 1009 Antonius
412 955 515 1010 docuit:
536 975 589 1011 esse
600 962 686 1012 adnue
700 959 802 1011 Vitellio
815 964 893 1020 uires,

90 1034 237 1099 melpum,
248 1034 273 1083 er·
281 1033 468 1096 deliberarent,-
481 1049 564 1092 acres,
575 1037 599 1085 εἰ
608 1037 791 1100 desperassent.
812 1034 894 1087 Initia

92 1108 220 1159 bellorum
231 1107 346 1159 ciuilium
354 1110 475 1173 fortunae
482 1111 666 1173 permitterem
685 1112 822 1162 uictoriam
833 1124 895 1159 can·

91 1182 413 1247 uldaetratr'aneperfier'.
441 1180 499 1232 Iam
507 1181 895 1248 Miserumemolaasamelpul-

93 1257 250 1309 memorem
266 1252 425 1320 Campaniae
438 1270 511 1306 orem
526 1259 676 1308 deseruisse:
696 1273 742 1308 nea
750 1258 832 1322 plura
843 1263 895 1306 toto

92 1337 227 1383 terrarum
236 1331 296 1381 orlle
305 1331 434 1396 reliquum
443 1328 636 1396 Vitelliaquem
646 1334 713 1396 quod
724 1335 792 1382 r'nter
800 1330 895 1380 Terra

93 1408 180 1465 einum
190 1403 370 1470 Narniamque
379 1407 472 1455 iaceat.
491 1401 565 1456 Satis
573 1405 673 1470 qlerr'ae
681 1405 780 1469 proelio
792 1401 895 1454 Cremo-

92 1483 166 1533 nenar'
174 1485 290 1545 partum,
301 1485 326 1530 et
338 1480 419 1530 emilie
431 1475 571 1530 Cremonae
580 1481 688 1529 nimium
699 1480 821 1529 inuidiae.
857 1475 896 1530 Ne

93 1557 303 1619 concupiscerent
324 1551 431 1605 Romam
451 1568 543 1618 rapere
560 1556 660 1618 polius,
680 1567 760 1619 qnam
780 1566 894 1604 serame.

91 1628 200 1685 latore
208 1629 265 1680 illle
271 1630 398 1693 pruentia,
415 1633 439 1678 et
448 1628 529 1679 multo
538 1631 683 1679 monimum
692 1630 778 1687 dena,
789 1631 813 1679 ει·
823 1629 895 1678 lareo-

93 1704 237 1756 lumr'tetem
248 1705 351 1755 asnatur'
361 1702 508 1768 populoque
522 1701 593 1754 Item.
607 1705 663 1754 aine
674 1706 801 1770 enrrqus'ne
814 1718 895 1771 quee-

91 1781 194 1831 nmen.

147 1854 191 1904 dl.
212 1849 262 1903 llis
271 1865 302 1902 ao
312 1847 410 1902 talibus
420 1848 533 1920 mitigati
543 1849 636 1903 animi.
675 1848 730 1903 Nee
740 1848 824 1905 multo
833 1857 893 1921 post

93 1923 212 1998 legiones
227 1939 333 1978 venere.
371 1923 406 1977 Et
419 1931 516 1978 terrore
533 1922 657 1995 famaque
671 1926 741 1979 aucti
761 1927 893 1979 exercitus

92 1999 251 2055 Vitellianae
263 1997 382 2053 sonorus
399 1998 536 2063 nutabant,
558 1999 631 2053 nullo
645 2000 671 2053 in
686 1998 787 2053 bellum
797 2000 894 2052 adlror-

93 2082 173 2138 tante,
187 2072 282 2128 mullis
297 2072 331 2126 ad
345 2074 536 2136 transitionem,
554 2075 604 2144 qui
618 2092 682 2128 suas
692 2075 826 2127 centurias
836 2080 894 2123 tur-

92 2164 207 2220 masque
228 2146 339 2212 tradere,
359 2147 459 2202 donum
479 2148 582 2212 victori,
603 2156 628 2202 et
647 2148 699 2201 sibi
714 2148 741 2199 in
757 2156 892 2215 posterum

91 2225 216 2298 gratiam,
228 2223 371 2277 certabant.
396 2223 445 2276 Per
454 2239 499 2275 eos
508 2222 644 2295 cognitum
654 2229 704 2283 est,
716 2221 893 2273 lateramnam

92 2299 225 2370 proximis
239 2299 342 2367 eampis
359 2296 492 2367 praesidio
504 2297 759 2368 quadringentorum
771 2294 893 2363 equitum

92 2374 186 2427 teneri.
227 2372 327 2425 lllissus
343 2370 475 2441 extemplo
489 2371 575 2425 Varus
587 2387 650 2424 eum
665 2367 786 2438 expedita
800 2383 892 2430 manu,

92 2464 193 2519 pauoos
204 2448 410 2517 repugnantium
423 2445 564 2500 interfecit:
577 2446 678 2515 plures,
686 2441 892 2504 abiectisarmis,

92 2525 201 2578 veniam
216 2522 345 2591 petivere:
367 2520 478 2592 quidam
492 2521 521 2573 in
531 2527 615 2573 eastra
626 2516 722 2588 refugi,
737 2524 830 2569 cuncta
842 2513 895 2568 lor-

91 2596 197 2650 midine
203 2594 348 2662 inplebant,
358 2593 482 2668 augendo
490 2592 650 2650 rumoribus
657 2592 789 2648 uirtutem
797 2590 905 2660 enp'xas·

78 2682 136 2734 que
149 2667 282 2733 desdam,
304 2685 362 2740 que
378 2670 479 2727 amissi
501 2670 640 2748 praesidii
654 2669 779 2729 dedeeua
786 2667 928 2725 lerinam.
