1950 3016
65 214 114 277 m,
219 212 297 258 urs.
316 209 336 258 u
357 211 446 261 cna.
466 213 506 260 so.
527 213 568 260 sc.
761 205 796 260 st

55 338 70 379 ι,
92 330 127 368 ex
147 329 203 385 quo
220 312 247 367 d.
260 311 400 386 Augustus
418 331 461 368 res
477 311 620 369 Caesarum
633 313 793 386 composuit,

55 387 95 453 ul,
113 396 139 443 et
155 389 182 443 in
197 389 281 443 unius
296 388 501 444 sollicitudinem
514 398 559 443 out
570 388 662 452 decus,
676 389 793 461 populus

58 481 129 518 anus
139 462 295 518 bellaverot.
333 461 389 519 Sub
399 464 505 521 Tiberio
515 472 540 519 et
550 463 622 531 Caio,
635 474 736 519 tantum
747 482 795 536 pu·

55 539 163 594 adversa
179 539 207 593 in
223 537 416 609 rempublicam
427 542 588 611 pertinuere.
628 538 794 594 Scriboniani

55 632 80 668 ra
91 614 238 669 Claudium
249 615 351 685 incepta
361 615 443 671 simul
453 615 543 670 audita
554 624 579 670 et
587 617 707 670 coercita.
725 615 794 668 Nero

55 691 95 744 iis
115 691 204 762 magis
224 697 249 744 et
268 691 431 755 rumoribus,
452 709 534 762 quam
553 692 637 746 armis
654 689 793 761 depulsus.

55 786 59 820 ι
72 765 194 838 legiones
204 764 365 838 classesque,
382 773 416 832 et,
431 765 503 838 quod
513 783 571 821 raro
582 767 657 829 alins,
670 765 796 836 praetori-

55 860 58 893 ι
69 841 249 912 urbanusque
259 839 336 896 miles
347 842 374 895 in
385 842 467 895 aciem
478 840 598 897 deducti:
613 841 709 896 Oriens
719 839 797 894 Occi-

56 933 114 988 que
130 925 156 970 et
168 916 301 987 quidquid
316 917 453 988 utrimque
462 935 562 971 varrum
577 925 626 981 est,
638 926 721 990 aterg
720 933 750 970 o:
771 914 795 969 si

55 993 110 1046 bus
120 991 182 1045 slus
192 991 319 1045 bellatum
330 990 404 1056 foret,
417 991 494 1066 tonoo
504 991 572 1047 bello
582 993 700 1046 matema
740 991 796 1046 Fu-

60 1068 113 1140 qui
127 1067 303 1138 proficiscenti
314 1065 411 1122 Othoni
422 1085 509 1122 moras
522 1071 721 1138 rctiqionamquc
729 1083 796 1121 noo-

71 1148 236 1196 conditorum
255 1137 381 1196 ancilium
396 1141 536 1198 adferrent.
576 1143 740 1215 Aspernatus
755 1147 796 1196 e'st

55 1235 102 1272 em
112 1219 315 1282 cunctationem
328 1227 358 1272 ut
368 1218 465 1274 Neroni
476 1235 584 1290 quoque
596 1221 748 1274 exitiosam:
770 1223 796 1272 et

55 1294 117 1359 ina,
128 1294 183 1347 iam
193 1292 274 1364 Alpes
285 1302 477 1367 transgressus,
489 1293 686 1349 exstimulabat.

55 1372 91 1424 to.
113 1369 202 1423 Pridie
217 1369 280 1423 ldus
293 1369 370 1423 Mart.
387 1369 569 1425 commendata
584 1369 706 1440 patribus
715 1384 796 1438 repu-

55 1463 67 1511 l
81 1443 213 1515 reliquias
227 1445 439 1499 Neronianarum
454 1445 612 1509 sectionum,
634 1444 754 1498 nondum
768 1444 796 1496 in

55 1537 90 1574 rm
103 1536 255 1584 conversas,
263 1522 390 1574 revocatis
400 1520 434 1574 ab
443 1519 538 1574 exsilio
548 1520 691 1573 concessit:
704 1519 798 1573 iustis-

55 1613 95 1650 un
106 1595 208 1650 donum
219 1603 243 1649 et
253 1597 281 1649 iu
291 1598 407 1667 speciem
417 1595 601 1668 magnificum,
611 1594 668 1659 sed,
676 1592 796 1648 festinata

56 1671 164 1744 pridem
175 1671 319 1735 exactione,
336 1688 389 1727 usu
400 1671 499 1725 sterile.
536 1671 598 1725 Mox
607 1679 698 1725 vocata
708 1670 797 1726 conci·

71 1751 234 1801 maiestatem
252 1750 326 1801 urbis
344 1755 368 1801 ct
381 1764 530 1801 consensum
541 1749 633 1814 populi
645 1764 678 1800 ac
691 1755 798 1801 senatus

55 1839 83 1877 se
97 1821 236 1887 adtollens,
251 1821 394 1876 adversum
410 1821 564 1877 Vitellianas
578 1830 664 1893 partes
679 1821 796 1879 modeste

55 1898 134 1953 eruit:
156 1901 287 1952 inscitiam
298 1903 387 1965 potius
400 1901 535 1966 leqionum,
555 1915 633 1967 quam
646 1902 795 1962 audaciam,

55 1990 146 2044 epuns,
162 1971 236 2027 nulls
245 1971 344 2027 Vitellii
358 1974 505 2028 mentione:
527 1973 585 2026 sive
598 1974 685 2044 ipsius
697 1991 727 2028 eo
738 1990 797 2027 mo-

58 2050 104 2113 tio,
119 2065 169 2102 seu
182 2049 294 2118 scriptor
303 2049 439 2112 orationis,
451 2048 503 2102 sihi
514 2057 645 2113 metuens,
659 2058 798 2104 contume-

55 2126 78 2178 ln
91 2122 228 2177 Vitellium
239 2123 382 2178 abstinuit:
404 2123 520 2194 quando,
534 2133 564 2177 ut
575 2125 602 2177 in
615 2125 734 2180 consiliis
744 2123 799 2176 mi·

55 2215 75 2263 e,
98 2197 224 2252 Suetonio
241 2197 362 2253 Paullino
381 2206 407 2253 et
420 2199 503 2253 Mario
518 2198 603 2263 Celso,
624 2200 659 2254 ita
672 2202 699 2253 in
716 2199 797 2251 rebus

55 2274 106 2328 inis
117 2272 216 2328 Galerii
228 2273 349 2328 Trachali
360 2274 468 2346 ingenio
478 2272 610 2329 Othonem
623 2276 663 2328 uti
673 2272 799 2327 credeba-

74 2356 101 2402 et
115 2357 199 2412 erant,
216 2349 295 2422 qui
279 2366 363 2402 oenus
377 2350 468 2420 ipsum
480 2350 571 2405 orandi
583 2356 729 2411 noscerent,
741 2363 799 2401 cre-

55 2422 103 2480 lori
114 2442 166 2478 usu
178 2390 295 2489 celebre,
305 2424 373 2479 etad
384 2424 523 2495 inplendas
538 2441 616 2478 aures
627 2422 708 2476 latum
719 2432 744 2478 et
754 2440 797 2478 so

55 2499 219 2556 nClamor
233 2516 365 2571 vocesque
375 2499 461 2574 vulgi,
478 2517 512 2554 ex
525 2514 599 2554 more
608 2496 750 2563 adulandi
757 2499 803 2553 ui·

55 2593 65 2629 a
78 2582 103 2628 ct
116 2573 206 2629 tarsae
247 2573 330 2642 Quasi
342 2576 505 2636 dictatorem
513 2576 826 2646 Caesaremautimpc-

55 2650 258 2719 emAugusturn
270 2668 531 2735 prosequerentur,
535 2659 579 2717 itu
589 2653 849 2736 studiisuotxsquff

55 2729 335 2796 summotonus
346 2756 461 2814 amore
473 2723 873 2802 aeusxtmrmuaserow
