1950 3016
269 216 478 263 nlnnoeue.
499 218 578 265 CAP.
598 218 668 266 8.·9.
820 212 869 265 309

68 317 174 372 nimum
184 315 254 370 inter
264 322 300 372 tot
310 334 341 370 ac
350 325 421 372 tanta
431 317 519 374 locum
530 318 649 372 obtinent
657 318 788 391 imagines
796 335 827 373 ac
835 327 870 373 tr-

67 391 116 446 tuli
136 399 162 445 et
180 398 291 456 statuae,
312 409 382 463 quae
400 411 489 465 neque
501 393 561 464 ipsa
577 400 665 446 tamen
685 393 868 467 negliguntur,

67 474 121 521 tam
131 464 254 532 Hercule,
265 484 348 539 quam
359 468 468 523 divitiae
476 475 502 522 et
509 485 584 539 opes,
599 485 668 538 quas
679 465 784 521 facilius
793 469 871 522 inre·

66 543 125 597 nien
143 542 193 613 qui
208 543 348 613 vituperet,
369 561 451 615 quam
468 544 517 615 qui
531 542 656 598 fastidiat.
696 543 744 596 llis
754 543 835 615 igitur
845 549 871 596 et

66 617 215 672 honoribus
228 624 254 671 et
267 619 430 672 ornamentis
444 626 469 672 et
479 616 650 673 facultatibus
658 616 768 671 refertas
777 616 870 671 domos

67 709 160 747 eorum
170 692 305 756 videmus,
322 694 371 764 qui
381 710 410 748 se
420 693 454 748 ab
463 695 572 748 ineunte
582 692 755 747 adnleseentia
766 692 871 746 caussis

67 766 220 823 forensibus
230 762 256 822 et
264 768 376 823 oratorio
386 768 475 823 studio
484 768 624 822 dederunt,

121 846 147 896 a.
169 843 236 896 Nam
257 843 375 896 carmina
392 851 418 897 et
437 861 546 908 versus,
566 843 667 914 quibus
687 849 768 898 totam
786 843 870 897 vitam

66 917 203 973 Maternus
217 917 353 972 insumere
367 926 440 989 optat
454 917 526 991 (inda
539 918 611 973 enim
626 919 715 974 omnis
724 917 803 973 lluxit
812 935 871 972 ora·

66 990 113 1065 tio)
125 1008 215 1064 neque
224 992 380 1066 dignitatem
390 993 475 1047 ullam
488 993 641 1048 auctoribus
649 995 708 1048 suis
718 993 868 1057 conciliant,

67 1084 156 1139 neque
166 1066 293 1122 utilitates
301 1067 390 1123 alunt:
413 1067 575 1139 voluptatem
585 1076 673 1123 autem
684 1067 871 1133 brevem,lau-

66 1142 128 1197 dem
138 1142 246 1196 inanem
257 1150 283 1196 et
292 1141 484 1198 infructuosam
495 1152 705 1215 consequuntur.
722 1144 796 1198 Licet
805 1143 870 1196 haec

10 1226 12 1233 '
66 1216 136 1288 ipsa,
153 1224 262 1288 atquae
277 1217 371 1273 deinde
384 1218 506 1272 dicturus
520 1235 592 1281 sum,
604 1235 682 1271 aures
693 1225 762 1282 tuae,
775 1219 871 1271 Mater-

66 1309 110 1356 ne,
127 1301 264 1363 respuant,
281 1293 325 1346 cui
338 1292 407 1347 bono
417 1300 465 1356 est,
482 1293 506 1345 si
516 1291 622 1362 apudte
632 1290 815 1363 Agamemnon
825 1299 871 1344 aut

66 1367 144 1423 Iason
164 1366 262 1421 diserte
280 1365 417 1437 loquitur‘l
445 1367 509 1438 quis
519 1366 579 1420 ideo
587 1365 697 1420 domum
708 1364 835 1419 defensus
845 1371 871 1418 et

65 1442 116 1496 tibi
125 1441 259 1515 obligatus
270 1440 355 1496 redit‘l
373 1441 441 1506 Quis
454 1440 571 1494 Saleium
586 1446 716 1504 nostrum,
731 1441 869 1513 egregium

64 1524 182 1589 poetam
189 1516 242 1581 vel,
249 1519 273 1593 si
283 1516 333 1571 hoc
342 1515 559 1571 honorificentius
570 1524 618 1580 cst,
625 1513 869 1585 praeclarissimum

65 1600 155 1648 vatem
169 1591 278 1646 deducit
291 1599 337 1646 aut
347 1590 443 1646 salutat
452 1598 498 1645 aut
507 1589 696 1662 prosequitur?
722 1590 834 1659 Nempe,
847 1589 871 1641 si

66 1668 172 1722 amicus
183 1667 251 1731 eius,
263 1667 287 1721 si
297 1668 476 1738 propinquus,
493 1666 517 1720 si
527 1666 644 1736 denique
654 1665 712 1736 ipse
721 1664 751 1719 in
760 1663 871 1736 aliquod

66 1743 206 1816 negotium
220 1741 352 1807 inciderit,
374 1742 406 1795 ad
422 1742 495 1795 hunc
506 1740 659 1795 &orandum
670 1747 796 1805 recurret,
817 1756 871 1793 non

66 1817 101 1872 ad
111 1824 146 1881 te,
167 1817 293 1881 Materno,
314 1817 378 1888 quia
392 1824 466 1887 poeta
477 1833 516 1881 es,
537 1833 624 1888 neque
636 1823 666 1870 ut
675 1832 765 1886 proco
775 1832 871 1871 versus

66 1889 159 1946 iacias.
188 1891 222 1944 ili
232 1892 311 1945 etiam
321 1891 402 1946 Basso
412 1891 484 1945 domi
495 1897 650 1957 nascuntur,
662 1891 749 1962 pulcri
759 1891 869 1964 quidem

66 1966 230 2022 etiucundi:
251 1983 367 2038 quorum
378 1974 465 2020 tamen
477 1966 521 2019 hic
531 1967 619 2020 exitus
629 1975 678 2032 est,
693 1974 732 2032 ut,
744 1983 807 2020 cum
817 1967 871 2019 toto

66 2058 147 2106 anno,
159 2056 207 2111 per
216 2057 309 2095 omnes
320 2041 387 2105 dies,
399 2058 495 2113 magna
510 2043 626 2096 noctium
639 2049 723 2112 parte,
739 2057 826 2094 unum
838 2039 871 2092 li-

66 2116 149 2171 brum
160 2115 263 2171 extudit
272 2125 297 2170 et
307 2114 482 2180 elucubravit,
499 2133 591 2189 rogare
601 2116 670 2170 ultro
680 2123 706 2169 et
715 2114 817 2168 ambire
826 2131 871 2168 co—

65 2199 156 2264 gatur,
172 2198 203 2246 ut
216 2191 280 2256 sint,
296 2192 345 2262 qui
359 2190 503 2264 dignentur
515 2190 622 2257 audire;
643 2197 668 2243 et
678 2206 712 2242 ne
721 2189 748 2242 id
759 2188 869 2259 quidem

66 2266 166 2339 gratie:
195 2283 258 2321 nam
273 2273 299 2319 et
312 2265 423 2320 domum
439 2272 585 2329 mutuatur,
608 2271 633 2319 et
646 2263 808 2318 auditorium
823 2281 871 2317 ex-

66 2341 158 2406 struit,
169 2348 195 2395 et
204 2340 333 2395 subsellia
342 2340 475 2405 conducit,
488 2348 513 2394 et
523 2337 626 2393 libellos
635 2338 777 2411 dispergit:
799 2344 871 2402 et,ut

67 2416 240 2470 beatissimus
264 2417 441 2470 recitationem
466 2415 525 2468 eius
548 2420 660 2467 eventus
681 2420 868 2484 prosequetur,

66 2491 163 2549 omnis¹
172 2490 216 2544 illa
231 2488 290 2544 laus
302 2492 370 2545 intra
387 2507 472 2544 unum
483 2496 529 2543 aut
538 2487 651 2542 altarum
664 2488 747 2552 diem,
759 2486 832 2541 velut
842 2487 870 2540 in

66 2565 152 2620 herba
166 2564 208 2621 vel
221 2563 284 2619 tiore
292 2573 441 2638 praecepta,
458 2563 492 2619 ad
502 2561 609 2619 nullam
616 2570 721 2618 certam
727 2561 887 2616 exanimum

55 2640 186 2707 pervenit
200 2638 324 2712 frugem:
353 2659 407 2698 nec
420 2649 471 2699 aut
483 2641 640 2699 amicitiam
652 2639 725 2697 inde
736 2635 843 2693 ntea,
854 2633 932 2712 w),

49 2709 212 2776 clientelam,
229 2723 279 2771 unt
291 2735 471 2781 mansurum
483 2721 518 2779 in
531 2722 634 2780 animo
642 2702 864 2788 ffirustpttffil
