<?xml version="1.0" encoding="UTF-8"?>
<!DOCTYPE html PUBLIC "-//W3C//DTD XHTML 1.0 Transitional//EN"
    "http://www.w3.org/TR/xhtml1/DTD/xhtml1-transitional.dtd">
<html xmlns="http://www.w3.org/1999/xhtml" xml:lang="en" lang="en">
 <head>
  <title>
</title>
<meta http-equiv="Content-Type" content="text/html;charset=utf-8" />
  <meta name='ocr-system' content='tesseract 3.04.00' />
  <meta name='ocr-capabilities' content='ocr_page ocr_carea ocr_par ocr_line ocrx_word'/>
</head>
<body>
  <div class='ocr_page' id='page_1' title='image "./ccorneliitaciti00weisgoog_0025.png"; bbox 0 0 1950 3016; ppageno 0'>
   <div class='ocr_carea' id='block_1_1' title="bbox 75 185 869 255">
    <p class='ocr_par' dir='ltr' id='par_1_1' title="bbox 75 185 869 255">
     <span class='ocr_line' id='line_1_1' title="bbox 75 185 869 255; baseline 0.005 -17"><span class='ocrx_word' id='word_1_1' title='bbox 75 185 107 239; x_wconf 81' lang='lat' dir='ltr'>tt</span> <span class='ocrx_word' id='word_1_2' title='bbox 313 188 638 238; x_wconf 79' lang='lat' dir='ltr'>ursroaraauar</span> <span class='ocrx_word' id='word_1_3' title='bbox 735 185 869 255; x_wconf 70' lang='lat' dir='ltr'>(ausu.</span> 
     </span>
    </p>
   </div>
   <div class='ocr_carea' id='block_1_2' title="bbox 74 287 871 516">
    <p class='ocr_par' dir='ltr' id='par_1_2' title="bbox 74 287 871 516">
     <span class='ocr_line' id='line_1_2' title="bbox 75 287 871 363; baseline -0.005 -15"><span class='ocrx_word' id='word_1_4' title='bbox 75 309 146 348; x_wconf 91' lang='lat' dir='ltr'>mus.</span> <span class='ocrx_word' id='word_1_5' title='bbox 184 290 220 346; x_wconf 89' lang='lat' dir='ltr'>Et</span> <span class='ocrx_word' id='word_1_6' title='bbox 232 289 321 347; x_wconf 86' lang='lat' dir='ltr'>intimi</span> <span class='ocrx_word' id='word_1_7' title='bbox 336 290 491 348; x_wconf 86' lang='lat' dir='ltr'>libertomm</span> <span class='ocrx_word' id='word_1_8' title='bbox 504 307 706 363; x_wconf 69' lang='lat' dir='ltr'>sucorumque,</span> <span class='ocrx_word' id='word_1_9' title='bbox 720 287 871 361; x_wconf 89' lang='lat' dir='ltr'>corruptius</span> 
     </span>
     <span class='ocr_line' id='line_1_3' title="bbox 74 364 869 441; baseline -0.006 -19"><span class='ocrx_word' id='word_1_10' title='bbox 74 384 157 439; x_wconf 89' lang='lat' dir='ltr'>quam</span> <span class='ocrx_word' id='word_1_11' title='bbox 171 367 200 422; x_wconf 89' lang='lat' dir='ltr'>in</span> <span class='ocrx_word' id='word_1_12' title='bbox 214 367 316 439; x_wconf 88' lang='lat' dir='ltr'>privata</span> <span class='ocrx_word' id='word_1_13' title='bbox 327 367 406 424; x_wconf 91' lang='lat' dir='ltr'>domo</span> <span class='ocrx_word' id='word_1_14' title='bbox 415 368 509 441; x_wconf 87' lang='lat' dir='ltr'>habiti,</span> <span class='ocrx_word' id='word_1_15' title='bbox 521 367 609 423; x_wconf 89' lang='lat' dir='ltr'>aulam</span> <span class='ocrx_word' id='word_1_16' title='bbox 618 367 731 421; x_wconf 85' lang='lat' dir='ltr'>Neronis</span> <span class='ocrx_word' id='word_1_17' title='bbox 742 374 767 419; x_wconf 90' lang='lat' dir='ltr'>et</span> <span class='ocrx_word' id='word_1_18' title='bbox 777 364 869 431; x_wconf 86' lang='lat' dir='ltr'>luxus,</span> 
     </span>
     <span class='ocr_line' id='line_1_4' title="bbox 74 438 869 516; baseline -0.005 -19"><span class='ocrx_word' id='word_1_19' title='bbox 74 441 211 508; x_wconf 85' lang='lat' dir='ltr'>adulteria,</span> <span class='ocrx_word' id='word_1_20' title='bbox 228 444 406 508; x_wconf 89' lang='lat' dir='ltr'>matrimonia,</span> <span class='ocrx_word' id='word_1_21' title='bbox 419 451 571 515; x_wconf 69' lang='lat' dir='ltr'>cannasque</span> <span class='ocrx_word' id='word_1_22' title='bbox 580 457 723 516; x_wconf 82' lang='lat' dir='ltr'>regnorum</span> <span class='ocrx_word' id='word_1_23' title='bbox 733 438 869 506; x_wconf 83' lang='lat' dir='ltr'>libidines,</span> 
     </span>
    </p>
   </div>
   <div class='ocr_carea' id='block_1_3' title="bbox 74 514 884 2752">
    <p class='ocr_par' dir='ltr' id='par_1_3' title="bbox 74 514 884 1625">
     <span class='ocr_line' id='line_1_5' title="bbox 74 514 872 588; baseline -0.005 -16"><span class='ocrx_word' id='word_1_24' title='bbox 74 517 152 573; x_wconf 80' lang='lat' dir='ltr'>arido</span> <span class='ocrx_word' id='word_1_25' title='bbox 163 517 268 584; x_wconf 85' lang='lat' dir='ltr'>talium,</span> <span class='ocrx_word' id='word_1_26' title='bbox 280 519 303 574; x_wconf 89' lang='lat' dir='ltr'>ai</span> <span class='ocrx_word' id='word_1_27' title='bbox 314 517 431 584; x_wconf 87' lang='lat' dir='ltr'>auderet,</span> <span class='ocrx_word' id='word_1_28' title='bbox 443 525 473 573; x_wconf 89' lang='lat' dir='ltr'>ut</span> <span class='ocrx_word' id='word_1_29' title='bbox 482 535 531 572; x_wconf 92' lang='lat' dir='ltr'>sua</span> <span class='ocrx_word' id='word_1_30' title='bbox 540 525 714 582; x_wconf 70' lang='lat' dir='ltr'>ostentantes,</span> <span class='ocrx_word' id='word_1_31' title='bbox 729 514 872 588; x_wconf 86' lang='lat' dir='ltr'>quiescen-</span> 
     </span>
     <span class='ocr_line' id='line_1_6' title="bbox 74 590 871 666; baseline -0.003 -20"><span class='ocrx_word' id='word_1_32' title='bbox 74 594 104 658; x_wconf 93' lang='lat' dir='ltr'>ti,</span> <span class='ocrx_word' id='word_1_33' title='bbox 120 600 150 648; x_wconf 89' lang='lat' dir='ltr'>ut</span> <span class='ocrx_word' id='word_1_34' title='bbox 164 592 259 660; x_wconf 91' lang='lat' dir='ltr'>aliena,</span> <span class='ocrx_word' id='word_1_35' title='bbox 275 593 481 666; x_wconf 76' lang='lat' dir='ltr'><strong>exprobrabant:</strong></span> <span class='ocrx_word' id='word_1_36' title='bbox 502 592 660 666; x_wconf 79' lang='lat' dir='ltr'>urgentibus</span> <span class='ocrx_word' id='word_1_37' title='bbox 675 592 755 647; x_wconf 86' lang='lat' dir='ltr'>etiam</span> <span class='ocrx_word' id='word_1_38' title='bbox 767 590 871 645; x_wconf 90' lang='lat' dir='ltr'>mathe-</span> 
     </span>
     <span class='ocr_line' id='line_1_7' title="bbox 74 667 871 732; baseline -0.003 -12"><span class='ocrx_word' id='word_1_39' title='bbox 74 668 187 732; x_wconf 85' lang='lat' dir='ltr'>maticis,</span> <span class='ocrx_word' id='word_1_40' title='bbox 199 667 263 724; x_wconf 89' lang='lat' dir='ltr'>dum</span> <span class='ocrx_word' id='word_1_41' title='bbox 275 686 354 723; x_wconf 79' lang='lat' dir='ltr'>noum</span> <span class='ocrx_word' id='word_1_42' title='bbox 362 677 453 731; x_wconf 82' lang='lat' dir='ltr'>motus,</span> <span class='ocrx_word' id='word_1_43' title='bbox 466 677 490 722; x_wconf 86' lang='lat' dir='ltr'>st</span> <span class='ocrx_word' id='word_1_44' title='bbox 499 671 599 722; x_wconf 84' lang='lat' dir='ltr'>clarum</span> <span class='ocrx_word' id='word_1_45' title='bbox 610 668 703 723; x_wconf 83' lang='lat' dir='ltr'>Othoni</span> <span class='ocrx_word' id='word_1_46' title='bbox 711 683 816 728; x_wconf 86' lang='lat' dir='ltr'>annum,</span> <span class='ocrx_word' id='word_1_47' title='bbox 825 669 871 719; x_wconf 88' lang='lat' dir='ltr'>ob-</span> 
     </span>
     <span class='ocr_line' id='line_1_8' title="bbox 74 741 871 816; baseline -0.001 -20"><span class='ocrx_word' id='word_1_48' title='bbox 74 746 218 798; x_wconf 76' lang='lat' dir='ltr'>seruatione</span> <span class='ocrx_word' id='word_1_49' title='bbox 226 748 347 812; x_wconf 72' lang='lat' dir='ltr'>uiderunt,</span> <span class='ocrx_word' id='word_1_50' title='bbox 360 741 513 797; x_wconf 84' lang='lat' dir='ltr'>adfirmant:</span> <span class='ocrx_word' id='word_1_51' title='bbox 533 759 619 816; x_wconf 79' lang='lat' dir='ltr'>genus</span> <span class='ocrx_word' id='word_1_52' title='bbox 628 742 768 797; x_wconf 88' lang='lat' dir='ltr'>hominum</span> <span class='ocrx_word' id='word_1_53' title='bbox 779 742 871 812; x_wconf 87' lang='lat' dir='ltr'>poten-</span> 
     </span>
     <span class='ocr_line' id='line_1_9' title="bbox 74 815 871 889; baseline -0.001 -17"><span class='ocrx_word' id='word_1_54' title='bbox 74 817 147 872; x_wconf 89' lang='lat' dir='ltr'>tibus</span> <span class='ocrx_word' id='word_1_55' title='bbox 161 816 285 883; x_wconf 82' lang='lat' dir='ltr'>infidum,</span> <span class='ocrx_word' id='word_1_56' title='bbox 300 818 470 889; x_wconf 79' lang='lat' dir='ltr'>sperantibus</span> <span class='ocrx_word' id='word_1_57' title='bbox 482 815 572 882; x_wconf 80' lang='lat' dir='ltr'><strong>fallax,</strong></span> <span class='ocrx_word' id='word_1_58' title='bbox 588 817 698 889; x_wconf 92' lang='lat' dir='ltr'>quodin</span> <span class='ocrx_word' id='word_1_59' title='bbox 708 817 812 871; x_wconf 84' lang='lat' dir='ltr'>ciuitate</span> <span class='ocrx_word' id='word_1_60' title='bbox 822 832 871 871; x_wconf 89' lang='lat' dir='ltr'>no-</span> 
     </span>
     <span class='ocr_line' id='line_1_10' title="bbox 75 891 872 964; baseline -0.004 -16"><span class='ocrx_word' id='word_1_61' title='bbox 75 900 129 948; x_wconf 86' lang='lat' dir='ltr'>stra</span> <span class='ocrx_word' id='word_1_62' title='bbox 139 901 165 948; x_wconf 87' lang='lat' dir='ltr'>et</span> <span class='ocrx_word' id='word_1_63' title='bbox 175 892 305 948; x_wconf 89' lang='lat' dir='ltr'>vetabitur</span> <span class='ocrx_word' id='word_1_64' title='bbox 314 909 429 964; x_wconf 88' lang='lat' dir='ltr'>semper,</span> <span class='ocrx_word' id='word_1_65' title='bbox 440 900 465 947; x_wconf 88' lang='lat' dir='ltr'>st</span> <span class='ocrx_word' id='word_1_66' title='bbox 474 892 638 948; x_wconf 82' lang='lat' dir='ltr'>retinebitur.</span> <span class='ocrx_word' id='word_1_67' title='bbox 677 891 775 947; x_wconf 88' lang='lat' dir='ltr'>hiultos</span> <span class='ocrx_word' id='word_1_68' title='bbox 784 907 872 945; x_wconf 72' lang='lat' dir='ltr'>seuro-</span> 
     </span>
     <span class='ocr_line' id='line_1_11' title="bbox 74 965 870 1039; baseline -0.005 -16"><span class='ocrx_word' id='word_1_69' title='bbox 74 975 100 1023; x_wconf 90' lang='lat' dir='ltr'>ta</span> <span class='ocrx_word' id='word_1_70' title='bbox 126 968 261 1038; x_wconf 84' lang='lat' dir='ltr'>Poppaeae</span> <span class='ocrx_word' id='word_1_71' title='bbox 287 968 501 1032; x_wconf 84' lang='lat' dir='ltr'>mathematicos,</span> <span class='ocrx_word' id='word_1_72' title='bbox 537 968 686 1038; x_wconf 89' lang='lat' dir='ltr'>pessimum</span> <span class='ocrx_word' id='word_1_73' title='bbox 714 965 870 1039; x_wconf 84' lang='lat' dir='ltr'>principalia</span> 
     </span>
     <span class='ocr_line' id='line_1_12' title="bbox 74 1041 871 1115; baseline -0.003 -17"><span class='ocrx_word' id='word_1_74' title='bbox 74 1043 237 1098; x_wconf 88' lang='lat' dir='ltr'>matrimonii</span> <span class='ocrx_word' id='word_1_75' title='bbox 250 1042 468 1106; x_wconf 87' lang='lat' dir='ltr'>instrumentum,</span> <span class='ocrx_word' id='word_1_76' title='bbox 483 1041 643 1097; x_wconf 86' lang='lat' dir='ltr'>habuerant:</span> <span class='ocrx_word' id='word_1_77' title='bbox 667 1041 795 1115; x_wconf 87' lang='lat' dir='ltr'>equibus</span> <span class='ocrx_word' id='word_1_78' title='bbox 810 1041 871 1096; x_wconf 88' lang='lat' dir='ltr'>Pto-</span> 
     </span>
     <span class='ocr_line' id='line_1_13' title="bbox 74 1115 884 1189; baseline -0.004 -17"><span class='ocrx_word' id='word_1_79' title='bbox 74 1117 202 1183; x_wconf 87' lang='lat' dir='ltr'>lemaeus,</span> <span class='ocrx_word' id='word_1_80' title='bbox 213 1115 311 1173; x_wconf 88' lang='lat' dir='ltr'>Othoni</span> <span class='ocrx_word' id='word_1_81' title='bbox 321 1119 350 1172; x_wconf 91' lang='lat' dir='ltr'>in</span> <span class='ocrx_word' id='word_1_82' title='bbox 360 1119 487 1189; x_wconf 81' lang='lat' dir='ltr'>Hispania</span> <span class='ocrx_word' id='word_1_83' title='bbox 497 1135 595 1182; x_wconf 86' lang='lat' dir='ltr'>comes,</span> <span class='ocrx_word' id='word_1_84' title='bbox 604 1135 667 1173; x_wconf 88' lang='lat' dir='ltr'>eum</span> <span class='ocrx_word' id='word_1_85' title='bbox 676 1115 884 1186; x_wconf 70' lang='lat' dir='ltr'>uspersuturum&#39;</span> 
     </span>
     <span class='ocr_line' id='line_1_14' title="bbox 75 1190 869 1265; baseline -0.004 -18"><span class='ocrx_word' id='word_1_86' title='bbox 75 1210 132 1247; x_wconf 88' lang='lat' dir='ltr'>eum</span> <span class='ocrx_word' id='word_1_87' title='bbox 150 1193 249 1248; x_wconf 82' lang='lat' dir='ltr'>Neroni</span> <span class='ocrx_word' id='word_1_88' title='bbox 267 1193 443 1265; x_wconf 80' lang='lat' dir='ltr'>promisisset,</span> <span class='ocrx_word' id='word_1_89' title='bbox 463 1201 605 1264; x_wconf 89' lang='lat' dir='ltr'>postquam</span> <span class='ocrx_word' id='word_1_90' title='bbox 624 1210 659 1247; x_wconf 86' lang='lat' dir='ltr'>ox</span> <span class='ocrx_word' id='word_1_91' title='bbox 676 1200 772 1262; x_wconf 82' lang='lat' dir='ltr'>eventu</span> <span class='ocrx_word' id='word_1_92' title='bbox 793 1190 869 1256; x_wconf 86' lang='lat' dir='ltr'>fides,</span> 
     </span>
     <span class='ocr_line' id='line_1_15' title="bbox 75 1267 871 1323; baseline -0.005 0"><span class='ocrx_word' id='word_1_93' title='bbox 75 1269 223 1323; x_wconf 83' lang='lat' dir='ltr'>coniectura</span> <span class='ocrx_word' id='word_1_94' title='bbox 237 1269 291 1323; x_wconf 88' lang='lat' dir='ltr'>iam</span> <span class='ocrx_word' id='word_1_95' title='bbox 307 1275 333 1323; x_wconf 88' lang='lat' dir='ltr'>et</span> <span class='ocrx_word' id='word_1_96' title='bbox 346 1284 453 1323; x_wconf 89' lang='lat' dir='ltr'>rumore</span> <span class='ocrx_word' id='word_1_97' title='bbox 466 1269 572 1322; x_wconf 87' lang='lat' dir='ltr'>senium</span> <span class='ocrx_word' id='word_1_98' title='bbox 586 1267 686 1322; x_wconf 88' lang='lat' dir='ltr'>Galbae</span> <span class='ocrx_word' id='word_1_99' title='bbox 697 1276 722 1321; x_wconf 90' lang='lat' dir='ltr'>et</span> <span class='ocrx_word' id='word_1_100' title='bbox 734 1269 871 1321; x_wconf 91' lang='lat' dir='ltr'>inventam</span> 
     </span>
     <span class='ocr_line' id='line_1_16' title="bbox 74 1342 871 1415; baseline -0.006 -17"><span class='ocrx_word' id='word_1_101' title='bbox 74 1342 186 1398; x_wconf 91' lang='lat' dir='ltr'>Othonis</span> <span class='ocrx_word' id='word_1_102' title='bbox 197 1344 417 1415; x_wconf 85' lang='lat' dir='ltr'>computantium,</span> <span class='ocrx_word' id='word_1_103' title='bbox 432 1350 608 1415; x_wconf 82' lang='lat' dir='ltr'>persuaserat,</span> <span class='ocrx_word' id='word_1_104' title='bbox 629 1349 692 1413; x_wconf 67' lang='lat' dir='ltr'>tore,</span> <span class='ocrx_word' id='word_1_105' title='bbox 707 1352 736 1396; x_wconf 86' lang='lat' dir='ltr'>ut</span> <span class='ocrx_word' id='word_1_106' title='bbox 749 1347 777 1395; x_wconf 81' lang='lat' dir='ltr'>in</span> <span class='ocrx_word' id='word_1_107' title='bbox 790 1346 871 1410; x_wconf 83' lang='lat' dir='ltr'>impe-</span> 
     </span>
     <span class='ocr_line' id='line_1_17' title="bbox 74 1417 871 1490; baseline -0.006 -16"><span class='ocrx_word' id='word_1_108' title='bbox 74 1424 144 1474; x_wconf 81' lang='lat' dir='ltr'>rium</span> <span class='ocrx_word' id='word_1_109' title='bbox 153 1423 349 1474; x_wconf 76' lang='lat' dir='ltr'>adscisceretur.</span> <span class='ocrx_word' id='word_1_110' title='bbox 387 1417 439 1474; x_wconf 87' lang='lat' dir='ltr'>Sed</span> <span class='ocrx_word' id='word_1_111' title='bbox 451 1417 519 1474; x_wconf 83' lang='lat' dir='ltr'>Otho</span> <span class='ocrx_word' id='word_1_112' title='bbox 531 1426 668 1490; x_wconf 86' lang='lat' dir='ltr'>tamquam</span> <span class='ocrx_word' id='word_1_113' title='bbox 678 1417 771 1488; x_wconf 89' lang='lat' dir='ltr'>peritia</span> <span class='ocrx_word' id='word_1_114' title='bbox 780 1424 805 1470; x_wconf 91' lang='lat' dir='ltr'>et</span> <span class='ocrx_word' id='word_1_115' title='bbox 813 1433 871 1470; x_wconf 77' lang='lat' dir='ltr'>mo</span> 
     </span>
     <span class='ocr_line' id='line_1_18' title="bbox 74 1491 869 1567; baseline -0.004 -18"><span class='ocrx_word' id='word_1_116' title='bbox 74 1495 133 1549; x_wconf 90' lang='lat' dir='ltr'>nitu</span> <span class='ocrx_word' id='word_1_117' title='bbox 151 1493 265 1549; x_wconf 88' lang='lat' dir='ltr'>latorum</span> <span class='ocrx_word' id='word_1_118' title='bbox 283 1493 415 1567; x_wconf 87' lang='lat' dir='ltr'>praedicta</span> <span class='ocrx_word' id='word_1_119' title='bbox 438 1493 596 1566; x_wconf 87' lang='lat' dir='ltr'>accipiebat,</span> <span class='ocrx_word' id='word_1_120' title='bbox 622 1491 748 1566; x_wconf 85' lang='lat' dir='ltr'>cupidine</span> <span class='ocrx_word' id='word_1_121' title='bbox 769 1491 869 1565; x_wconf 75' lang='lat' dir='ltr'>ingenii</span> 
     </span>
     <span class='ocr_line' id='line_1_19' title="bbox 74 1567 587 1625; baseline 0 -1"><span class='ocrx_word' id='word_1_122' title='bbox 74 1568 187 1625; x_wconf 90' lang='lat' dir='ltr'>humani</span> <span class='ocrx_word' id='word_1_123' title='bbox 198 1569 323 1625; x_wconf 88' lang='lat' dir='ltr'>libentius</span> <span class='ocrx_word' id='word_1_124' title='bbox 332 1570 445 1625; x_wconf 88' lang='lat' dir='ltr'>obscura</span> <span class='ocrx_word' id='word_1_125' title='bbox 454 1567 587 1624; x_wconf 88' lang='lat' dir='ltr'>credendi.</span> 
     </span>
    </p>

    <p class='ocr_par' dir='ltr' id='par_1_4' title="bbox 75 1639 882 2752">
     <span class='ocr_line' id='line_1_20' title="bbox 129 1639 872 1708; baseline -0.008 -8"><span class='ocrx_word' id='word_1_126' title='bbox 129 1647 172 1700; x_wconf 78' lang='lat'>23.</span> <span class='ocrx_word' id='word_1_127' title='bbox 193 1645 248 1699; x_wconf 88' lang='lat' dir='ltr'>Nec</span> <span class='ocrx_word' id='word_1_128' title='bbox 261 1643 349 1699; x_wconf 90' lang='lat' dir='ltr'>deerat</span> <span class='ocrx_word' id='word_1_129' title='bbox 361 1644 536 1708; x_wconf 87' lang='lat' dir='ltr'>Ptolemaeus,</span> <span class='ocrx_word' id='word_1_130' title='bbox 550 1643 605 1697; x_wconf 91' lang='lat' dir='ltr'>iam</span> <span class='ocrx_word' id='word_1_131' title='bbox 622 1649 648 1697; x_wconf 88' lang='lat' dir='ltr'>et</span> <span class='ocrx_word' id='word_1_132' title='bbox 657 1640 764 1696; x_wconf 88' lang='lat' dir='ltr'>sceleris</span> <span class='ocrx_word' id='word_1_133' title='bbox 773 1639 872 1695; x_wconf 88' lang='lat' dir='ltr'>instin-</span> 
     </span>
     <span class='ocr_line' id='line_1_21' title="bbox 76 1716 869 1790; baseline -0.008 -16"><span class='ocrx_word' id='word_1_134' title='bbox 76 1727 140 1784; x_wconf 85' lang='lat' dir='ltr'>ctor,</span> <span class='ocrx_word' id='word_1_135' title='bbox 161 1718 195 1775; x_wconf 90' lang='lat' dir='ltr'>ad</span> <span class='ocrx_word' id='word_1_136' title='bbox 214 1719 286 1790; x_wconf 91' lang='lat' dir='ltr'>quod</span> <span class='ocrx_word' id='word_1_137' title='bbox 306 1718 431 1773; x_wconf 84' lang='lat' dir='ltr'>facillime</span> <span class='ocrx_word' id='word_1_138' title='bbox 450 1718 484 1773; x_wconf 91' lang='lat' dir='ltr'>ab</span> <span class='ocrx_word' id='word_1_139' title='bbox 503 1716 636 1774; x_wconf 85' lang='lat' dir='ltr'>eiusmodi</span> <span class='ocrx_word' id='word_1_140' title='bbox 655 1724 715 1773; x_wconf 85' lang='lat' dir='ltr'>voto</span> <span class='ocrx_word' id='word_1_141' title='bbox 733 1716 869 1771; x_wconf 88' lang='lat' dir='ltr'>transitur.</span> 
     </span>
     <span class='ocr_line' id='line_1_22' title="bbox 75 1790 872 1868; baseline -0.006 -20"><span class='ocrx_word' id='word_1_142' title='bbox 75 1793 127 1848; x_wconf 85' lang='lat' dir='ltr'>Sed</span> <span class='ocrx_word' id='word_1_143' title='bbox 136 1792 244 1848; x_wconf 87' lang='lat' dir='ltr'>sceleris</span> <span class='ocrx_word' id='word_1_144' title='bbox 254 1793 375 1868; x_wconf 82' lang='lat' dir='ltr'>cogitatio</span> <span class='ocrx_word' id='word_1_145' title='bbox 383 1794 515 1848; x_wconf 88' lang='lat' dir='ltr'>incertum</span> <span class='ocrx_word' id='word_1_146' title='bbox 527 1811 561 1848; x_wconf 88' lang='lat' dir='ltr'>an</span> <span class='ocrx_word' id='word_1_147' title='bbox 571 1809 680 1865; x_wconf 85' lang='lat' dir='ltr'>repens:</span> <span class='ocrx_word' id='word_1_148' title='bbox 701 1791 788 1846; x_wconf 89' lang='lat' dir='ltr'>studia</span> <span class='ocrx_word' id='word_1_149' title='bbox 799 1790 872 1844; x_wconf 89' lang='lat' dir='ltr'>mili-</span> 
     </span>
     <span class='ocr_line' id='line_1_23' title="bbox 76 1865 882 1941; baseline -0.007 -17"><span class='ocrx_word' id='word_1_150' title='bbox 76 1877 134 1924; x_wconf 90' lang='lat' dir='ltr'>tnm</span> <span class='ocrx_word' id='word_1_151' title='bbox 147 1872 201 1923; x_wconf 91' lang='lat' dir='ltr'>iam</span> <span class='ocrx_word' id='word_1_152' title='bbox 212 1869 325 1940; x_wconf 87' lang='lat' dir='ltr'>pridem,</span> <span class='ocrx_word' id='word_1_153' title='bbox 340 1885 389 1941; x_wconf 89' lang='lat' dir='ltr'>spe</span> <span class='ocrx_word' id='word_1_154' title='bbox 402 1869 579 1924; x_wconf 86' lang='lat' dir='ltr'>successionis</span> <span class='ocrx_word' id='word_1_155' title='bbox 590 1877 635 1924; x_wconf 89' lang='lat' dir='ltr'>aut</span> <span class='ocrx_word' id='word_1_156' title='bbox 643 1875 736 1940; x_wconf 88' lang='lat' dir='ltr'>paratu</span> <span class='ocrx_word' id='word_1_157' title='bbox 747 1865 882 1920; x_wconf 59' lang='lat' dir='ltr'>facinoris*</span> 
     </span>
     <span class='ocr_line' id='line_1_24' title="bbox 77 1940 872 2018; baseline -0.008 -18"><span class='ocrx_word' id='word_1_158' title='bbox 77 1943 263 2012; x_wconf 82' lang='lat' dir='ltr'>adfectaverat3</span> <span class='ocrx_word' id='word_1_159' title='bbox 283 1943 312 1998; x_wconf 91' lang='lat' dir='ltr'>in</span> <span class='ocrx_word' id='word_1_160' title='bbox 324 1945 428 2010; x_wconf 90' lang='lat' dir='ltr'>itinere,</span> <span class='ocrx_word' id='word_1_161' title='bbox 439 1945 469 2000; x_wconf 89' lang='lat' dir='ltr'>in</span> <span class='ocrx_word' id='word_1_162' title='bbox 479 1945 596 2018; x_wconf 83' lang='lat' dir='ltr'>agmine,</span> <span class='ocrx_word' id='word_1_163' title='bbox 609 1940 814 2006; x_wconf 78' lang='lat' dir='ltr'>iactationibus,</span> <span class='ocrx_word' id='word_1_164' title='bbox 825 1957 872 1996; x_wconf 83' lang='lat' dir='ltr'>ve-</span> 
     </span>
     <span class='ocr_line' id='line_1_25' title="bbox 76 2019 870 2091; baseline -0.006 -17"><span class='ocrx_word' id='word_1_165' title='bbox 76 2020 257 2075; x_wconf 74' lang='lat' dir='ltr'>tustissImum</span> <span class='ocrx_word' id='word_1_166' title='bbox 279 2035 416 2091; x_wconf 88' lang='lat' dir='ltr'>quemque</span> <span class='ocrx_word' id='word_1_167' title='bbox 434 2019 552 2075; x_wconf 91' lang='lat' dir='ltr'>militum</span> <span class='ocrx_word' id='word_1_168' title='bbox 572 2019 680 2074; x_wconf 90' lang='lat' dir='ltr'>nomine</span> <span class='ocrx_word' id='word_1_169' title='bbox 697 2033 808 2081; x_wconf 89' lang='lat' dir='ltr'>vocans,</span> <span class='ocrx_word' id='word_1_170' title='bbox 829 2032 870 2081; x_wconf 88' lang='lat' dir='ltr'>ac,</span> 
     </span>
     <span class='ocr_line' id='line_1_26' title="bbox 76 2090 872 2163; baseline -0.005 -14"><span class='ocrx_word' id='word_1_171' title='bbox 76 2095 204 2150; x_wconf 88' lang='lat' dir='ltr'>memoria</span> <span class='ocrx_word' id='word_1_172' title='bbox 217 2094 360 2150; x_wconf 90' lang='lat' dir='ltr'>Neroniani</span> <span class='ocrx_word' id='word_1_173' title='bbox 373 2098 521 2159; x_wconf 85' lang='lat' dir='ltr'>comitatus,</span> <span class='ocrx_word' id='word_1_174' title='bbox 534 2095 728 2149; x_wconf 75' lang='lat' dir='ltr'>contubernales</span> <span class='ocrx_word' id='word_1_175' title='bbox 737 2090 872 2163; x_wconf 88' lang='lat' dir='ltr'>adpellan-</span> 
     </span>
     <span class='ocr_line' id='line_1_27' title="bbox 77 2168 873 2242; baseline -0.004 -18"><span class='ocrx_word' id='word_1_176' title='bbox 77 2171 124 2237; x_wconf 72' lang='lat' dir='ltr'>do,</span> <span class='ocrx_word' id='word_1_177' title='bbox 136 2169 202 2224; x_wconf 86' lang='lat' dir='ltr'>alios</span> <span class='ocrx_word' id='word_1_178' title='bbox 212 2185 362 2242; x_wconf 82' lang='lat' dir='ltr'>agnoscere,</span> <span class='ocrx_word' id='word_1_179' title='bbox 373 2169 504 2241; x_wconf 82' lang='lat' dir='ltr'>quosdam</span> <span class='ocrx_word' id='word_1_180' title='bbox 515 2169 659 2241; x_wconf 85' lang='lat' dir='ltr'>requirere,</span> <span class='ocrx_word' id='word_1_181' title='bbox 670 2174 696 2221; x_wconf 91' lang='lat' dir='ltr'>et</span> <span class='ocrx_word' id='word_1_182' title='bbox 705 2168 817 2238; x_wconf 88' lang='lat' dir='ltr'>pecnnia</span> <span class='ocrx_word' id='word_1_183' title='bbox 827 2172 873 2221; x_wconf 88' lang='lat' dir='ltr'>aut</span> 
     </span>
     <span class='ocr_line' id='line_1_28' title="bbox 76 2241 872 2319; baseline -0.006 -19"><span class='ocrx_word' id='word_1_184' title='bbox 76 2247 160 2319; x_wconf 77' lang='lat' dir='ltr'>gratia</span> <span class='ocrx_word' id='word_1_185' title='bbox 171 2247 275 2301; x_wconf 89' lang='lat' dir='ltr'>iuvare:</span> <span class='ocrx_word' id='word_1_186' title='bbox 296 2244 438 2300; x_wconf 89' lang='lat' dir='ltr'>inserendo</span> <span class='ocrx_word' id='word_1_187' title='bbox 446 2244 554 2316; x_wconf 90' lang='lat' dir='ltr'>saepius</span> <span class='ocrx_word' id='word_1_188' title='bbox 564 2241 685 2316; x_wconf 88' lang='lat' dir='ltr'>querelas</span> <span class='ocrx_word' id='word_1_189' title='bbox 698 2250 723 2296; x_wconf 91' lang='lat' dir='ltr'>et</span> <span class='ocrx_word' id='word_1_190' title='bbox 733 2243 872 2314; x_wconf 85' lang='lat' dir='ltr'>ambiguos</span> 
     </span>
     <span class='ocr_line' id='line_1_29' title="bbox 77 2315 871 2392; baseline -0.004 -18"><span class='ocrx_word' id='word_1_191' title='bbox 77 2319 111 2375; x_wconf 90' lang='lat' dir='ltr'>de</span> <span class='ocrx_word' id='word_1_192' title='bbox 124 2320 208 2375; x_wconf 90' lang='lat' dir='ltr'>Galba</span> <span class='ocrx_word' id='word_1_193' title='bbox 228 2335 373 2384; x_wconf 89' lang='lat' dir='ltr'>sermones,</span> <span class='ocrx_word' id='word_1_194' title='bbox 394 2336 516 2392; x_wconf 88' lang='lat' dir='ltr'>quaeque</span> <span class='ocrx_word' id='word_1_195' title='bbox 535 2317 586 2373; x_wconf 86' lang='lat' dir='ltr'>alia</span> <span class='ocrx_word' id='word_1_196' title='bbox 605 2317 770 2372; x_wconf 88' lang='lat' dir='ltr'>turbamenta</span> <span class='ocrx_word' id='word_1_197' title='bbox 785 2315 871 2388; x_wconf 82' lang='lat' dir='ltr'>vulgi.</span> 
     </span>
     <span class='ocr_line' id='line_1_30' title="bbox 78 2391 874 2465; baseline -0.004 -17"><span class='ocrx_word' id='word_1_198' title='bbox 78 2395 192 2449; x_wconf 79' lang='lat' dir='ltr'>Labores</span> <span class='ocrx_word' id='word_1_199' title='bbox 205 2395 342 2458; x_wconf 87' lang='lat' dir='ltr'>itinerum,</span> <span class='ocrx_word' id='word_1_200' title='bbox 358 2394 447 2465; x_wconf 89' lang='lat' dir='ltr'>inopia</span> <span class='ocrx_word' id='word_1_201' title='bbox 460 2402 668 2458; x_wconf 84' lang='lat' dir='ltr'>commeatuum,</span> <span class='ocrx_word' id='word_1_202' title='bbox 681 2391 778 2447; x_wconf 88' lang='lat' dir='ltr'>duritia</span> <span class='ocrx_word' id='word_1_203' title='bbox 787 2391 874 2462; x_wconf 90' lang='lat' dir='ltr'>impa-</span> 
     </span>
     <span class='ocr_line' id='line_1_31' title="bbox 78 2465 875 2541; baseline -0.005 -17"><span class='ocrx_word' id='word_1_204' title='bbox 78 2471 122 2533; x_wconf 90' lang='lat' dir='ltr'>rii‚</span> <span class='ocrx_word' id='word_1_205' title='bbox 142 2470 256 2524; x_wconf 88' lang='lat' dir='ltr'>atmcius</span> <span class='ocrx_word' id='word_1_206' title='bbox 271 2468 476 2541; x_wconf 86' lang='lat' dir='ltr'>accipiebantur,</span> <span class='ocrx_word' id='word_1_207' title='bbox 496 2485 568 2532; x_wconf 89' lang='lat' dir='ltr'>cum,</span> <span class='ocrx_word' id='word_1_208' title='bbox 590 2467 750 2539; x_wconf 88' lang='lat' dir='ltr'>Campaniae</span> <span class='ocrx_word' id='word_1_209' title='bbox 765 2465 836 2521; x_wconf 89' lang='lat' dir='ltr'>lacus</span> <span class='ocrx_word' id='word_1_210' title='bbox 849 2471 875 2520; x_wconf 90' lang='lat' dir='ltr'>et</span> 
     </span>
     <span class='ocr_line' id='line_1_32' title="bbox 78 2539 874 2616; baseline -0.006 -17"><span class='ocrx_word' id='word_1_211' title='bbox 78 2543 193 2599; x_wconf 82' lang='lat' dir='ltr'>Achaiae</span> <span class='ocrx_word' id='word_1_212' title='bbox 206 2543 286 2598; x_wconf 86' lang='lat' dir='ltr'>urbes</span> <span class='ocrx_word' id='word_1_213' title='bbox 300 2542 431 2600; x_wconf 88' lang='lat' dir='ltr'>classibus</span> <span class='ocrx_word' id='word_1_214' title='bbox 443 2542 516 2598; x_wconf 89' lang='lat' dir='ltr'>adire</span> <span class='ocrx_word' id='word_1_215' title='bbox 525 2541 606 2609; x_wconf 86' lang='lat' dir='ltr'>soliti,</span> <span class='ocrx_word' id='word_1_216' title='bbox 617 2542 782 2616; x_wconf 85' lang='lat' dir='ltr'>Pyrenaeum</span> <span class='ocrx_word' id='word_1_217' title='bbox 793 2549 818 2595; x_wconf 97' lang='lat' dir='ltr'>et</span> <span class='ocrx_word' id='word_1_218' title='bbox 827 2539 874 2595; x_wconf 83' lang='lat' dir='ltr'>at-</span> 
     </span>
     <span class='ocr_line' id='line_1_33' title="bbox 78 2617 875 2692; baseline -0.004 -19"><span class='ocrx_word' id='word_1_219' title='bbox 78 2635 127 2692; x_wconf 89' lang='lat' dir='ltr'>pes</span> <span class='ocrx_word' id='word_1_220' title='bbox 141 2625 167 2672; x_wconf 88' lang='lat' dir='ltr'>et</span> <span class='ocrx_word' id='word_1_221' title='bbox 180 2619 303 2674; x_wconf 90' lang='lat' dir='ltr'>inmensa</span> <span class='ocrx_word' id='word_1_222' title='bbox 317 2620 422 2677; x_wconf 82' lang='lat' dir='ltr'>viarum</span> <span class='ocrx_word' id='word_1_223' title='bbox 437 2618 522 2692; x_wconf 85' lang='lat' dir='ltr'>spatia</span> <span class='ocrx_word' id='word_1_224' title='bbox 535 2634 613 2692; x_wconf 81' lang='lat' dir='ltr'>aegre</span> <span class='ocrx_word' id='word_1_225' title='bbox 627 2617 680 2674; x_wconf 87' lang='lat' dir='ltr'>sub</span> <span class='ocrx_word' id='word_1_226' title='bbox 693 2618 775 2673; x_wconf 90' lang='lat' dir='ltr'>armis</span> <span class='ocrx_word' id='word_1_227' title='bbox 791 2617 875 2671; x_wconf 88' lang='lat' dir='ltr'>enite-</span> 
     </span>
     <span class='ocr_line' id='line_1_34' title="bbox 79 2701 181 2752; baseline -0.02 0"><span class='ocrx_word' id='word_1_228' title='bbox 79 2701 181 2752; x_wconf 87' lang='lat' dir='ltr'>rentur.</span> 
     </span>
    </p>
   </div>
   <div class='ocr_carea' id='block_1_4' title="bbox 0 0 984 3016">
    <p class='ocr_par' dir='ltr' id='par_1_5' title="bbox 0 0 984 3016">
     <span class='ocr_line' id='line_1_35' title="bbox 0 0 984 3016; baseline 0 0"><span class='ocrx_word' id='word_1_229' title='bbox 0 0 984 3016; x_wconf 95' lang='lat' dir='ltr'> </span> 
     </span>
    </p>
   </div>
  </div>
 </body>
</html>
