1950 3016
55 206 186 283 nen.)
266 216 648 269 Maleuentum.
808 218 859 271 ms

55 327 123 385 stris
136 325 251 389 suerunt,
268 336 310 373 eos
324 321 416 373 beilum
429 323 580 389 absumpsit,
590 325 631 376 oet
642 326 671 376 in
680 339 742 378 suos
751 328 859 394 quisquo

57 400 129 451 rodes
138 400 265 464 resapere.
304 395 427 448 Deductis
436 398 498 449 olim
507 404 531 449 et
540 399 671 450 nooismm
677 402 859 464 peroonnobi-

58 488 101 525 nm
110 473 229 532 sociatis,
241 473 336 537 quique
345 487 407 523 mox
414 487 562 537 provenere,
573 473 635 525 isaeo
644 476 733 538 patrio
743 482 787 527 ost.
805 474 859 528 Neo

57 548 860 615 mandeoioiquoeeoeistimomue,otintorfioianooieporen-

59 630 103 685 ter,
123 624 233 690 (ratres,
254 622 347 672 liberos
365 629 467 675 nostros
483 624 576 674 aetitia.
619 621 734 689 Vectigal
747 629 861 675 etonem

58 699 272 750 commerciorum
286 696 444 748 resolvimus.
483 694 543 749 Sint
558 700 684 749 tramitae
696 700 847 749 incustoditi
851 714 861 763 ;

59 775 102 825 aod
111 774 205 823 diurni
214 777 238 821 ot
248 773 364 830 inermes,
377 773 456 823 dooeo
464 786 532 823 novo
543 779 567 823 et
579 774 695 824 recentia
708 777 770 825 toro
780 776 808 825 tn
817 788 861 823 oe·

60 852 182 899 testatem
195 847 376 897 conaretodine
389 853 532 898 vertantur.
571 844 705 898 Arbitrum
714 847 861 900 iubebimus

62 919 170 974 divitem
183 927 208 972 et
224 918 350 980 Veledam,
370 923 441 985 apud
455 936 518 987 qnos
528 928 609 986 poeta
620 924 778 975 annotentur.
817 918 862 973 Sio

61 990 151 1049 lenitis
171 992 315 1055 Tencteris,
337 991 414 1064 legati
430 993 462 1046 ad
477 993 589 1047 Civilem
604 1001 629 1047 et
643 993 768 1049 Veledam
782 993 859 1048 missi

61 1084 121 1123 oum
137 1067 227 1130 donis,
244 1074 337 1120 cuncta
352 1083 385 1120 ex
398 1066 532 1121 voluntate
545 1067 784 1140 Agrippinensium
799 1084 860 1140 per-

62 1152 207 1215 petravere.
247 1140 298 1194 Sed
311 1158 396 1196 coram
413 1142 486 1196 adire
498 1141 660 1213 adloquique
674 1142 799 1198 Veledam
813 1161 861 1198 ne-

62 1226 164 1291 gatum.
205 1215 369 1269 Arcebantur
383 1216 519 1287 adspectu,
537 1234 592 1288 quo
607 1219 783 1272 venerationis
798 1218 860 1289 plus

61 1293 169 1347 inesset.
210 1291 271 1362 Ipsa
290 1290 358 1344 edita
376 1291 406 1346 in
425 1300 511 1346 turre:
536 1291 653 1345 deiectus
672 1293 861 1363 epropinquis

62 1365 181 1423 oonsulta
197 1382 392 1436 responsaque,
408 1373 438 1420 ut
453 1367 634 1421 internuntius
648 1368 783 1433 numinis,
799 1384 862 1438 por·

115 1518 160 1571 66.
181 1513 286 1579 Civilis,
303 1514 424 1568 societate
433 1514 671 1587 Agrippinensium
682 1524 786 1581 auctus,
800 1532 861 1587 pro·

61 1592 150 1647 nimae
159 1590 279 1644 civitates
289 1588 427 1653 adfectare,
439 1597 485 1643 aut
494 1589 697 1644 adversantibus
706 1590 806 1645 beilum
818 1592 862 1645 in-

62 1666 131 1720 ierre
146 1664 247 1719 statuit.
286 1662 482 1734 Occupatisque
495 1663 612 1730 Sunieis,
627 1673 653 1718 et
666 1666 804 1720 iuventute
817 1684 862 1721 eo-

62 1758 122 1795 rum
133 1756 182 1811 per
191 1737 311 1794 eohortes
320 1740 473 1808 oomposita,
484 1741 639 1811 quominus
653 1739 721 1794 nitra
731 1751 859 1815 pergeret,

62 1813 193 1871 Claudius
207 1812 295 1869 Labeo
307 1813 470 1868 Betasiorum
481 1815 706 1888 Tungrorumque
715 1824 741 1870 et
750 1816 861 1871 Nervio-

60 1906 124 1944 rum
139 1887 312 1943 tumuitnaria
325 1905 407 1942 manu
420 1890 529 1944 restitit:
550 1887 632 1944 iretus
643 1889 709 1955 looo,
719 1892 784 1962 qnia
793 1909 861 1962 pon-

60 1972 116 2019 tem
130 1964 219 2018 Mosae
236 1962 356 2017 fluminis
376 1970 547 2034 antecaperet.
587 1964 812 2037 Pugnabaturque
831 1966 859 2018 in

61 2057 96 2094 an
128 2037 197 2091 ratiis
209 2038 343 2111 ambigue,
357 2037 441 2093 donee
451 2038 576 2093 Germani
586 2047 777 2093 transnatantes
789 2047 860 2109 terga

61 2115 98 2167 La
111 2112 194 2168 teonis
208 2112 338 2167 invasere.
378 2111 464 2167 Simul
476 2113 580 2179 Civilis,
595 2130 689 2176 ausus,
701 2130 734 2166 an
746 2128 779 2164 ex
788 2128 861 2165 aom-

61 2189 158 2261 posito,
179 2187 271 2241 intulit
288 2205 318 2241 se
336 2189 437 2260 agmini
448 2188 627 2262 Tungrorum,
651 2195 676 2241 et
692 2186 762 2240 clara
781 2202 859 2242 vooet

62 2264 122 2319 Non
135 2267 200 2326 ideo,
216 2262 315 2334 inquit,
331 2266 423 2316 boilum
435 2269 598 2331 summimus,
615 2270 645 2315 ot
658 2263 755 2314 Batavi
764 2268 788 2312 et
801 2260 860 2312 Tro-

60 2340 386 2407 oert'pantt'bosimperont.
411 2338 505 2392 [rocol
514 2339 686 2391 hoeoonobis
695 2339 861 2401 adrogantia.

60 2412 177 2481 Aoeipito
189 2417 345 2469 societatem.
388 2413 577 2479 Transgrediar
591 2414 626 2464 od
639 2426 692 2472 ooo,
710 2426 755 2462 seu
763 2412 862 2461 medo·

61 2504 124 2549 eom,
134 2505 180 2542 seo
190 2489 306 2551 mititem,
317 2489 447 2540 mavoltis.
480 2485 634 2539 Movebatur
642 2481 752 2555 vulgus,
766 2482 863 2536 oonde-

59 2562 180 2633 bantqne
189 2560 306 2634 gladios,
327 2577 388 2614 oum
401 2559 556 2631 Campanus
565 2575 597 2614 ao
605 2557 871 2627 innonaiis,enqx'x-

51 2637 177 2687 moribus
192 2636 371 2705 Tungrorum,
395 2637 562 2694 universam
577 2637 604 2693 ei
618 2644 736 2713 gentem
746 2632 895 2690 oannem.

36 2704 136 2765 mm*
153 2712 303 2776 ‘mentm
319 2711 603 2787 circumveniretur,
616 2712 767 2793 proiug'xt.
807 2699 920 2763 Qumis*
