1950 3016
62 175 187 251 nnn.)
279 186 349 233 nrn.
368 185 417 234 ιν.
437 188 517 234 cnr.
537 187 579 235 re.
599 188 643 237 rs.
814 184 864 241 22³

62 293 172 360 mosetto
183 288 292 355 enimis,
303 294 376 361 tergo
385 288 499 343 victores
508 294 620 345 sertem.
658 289 712 361 ipsi
721 292 825 347 territos
834 309 865 348 se

62 362 212 419 oohortium
223 363 349 434 adspectu
360 361 487 426 ferebant,
502 379 572 434 quse
582 364 670 432 primo
680 364 771 435 inpetu
781 366 865 422 disie-

62 445 129 503 ctae,
141 438 258 492 summis
269 455 364 492 rursus
373 439 446 510 iugis
455 437 692 510 congregabuntur,
707 456 738 493 ec
747 443 863 511 speciem

62 511 365 569 novieuxiliiiecsrent.
400 512 563 567 Sedobstitit
572 512 741 569 vincentibus
749 531 863 585 pravum

62 589 131 643 inter
142 588 216 658 ipsos
225 596 369 653 certamen,
383 586 458 642 hoste
467 589 577 651 omisso,
592 587 677 658 spolie
686 590 863 645 conserundi.

62 661 186 728 Cerialis,
207 670 237 716 ut
255 663 359 717 incuria
378 679 462 733 prope
473 659 653 726 remedssixit,
673 663 710 717 its
719 666 864 719 constantin

62 738 192 793 restituit:
214 747 377 808 secutusque
388 736 533 803 fortunam,
546 745 631 793 cestre
643 736 762 793 hostium
772 739 865 795 eodem

62 812 391 884 diecspitorscinditque.

115 962 162 1017 79.
182 961 237 1015 Nec
246 960 275 1016 in
286 960 397 1033 longum
408 960 487 1033 quies
496 959 576 1017 militi
585 960 655 1018 drtn.
687 961 805 1019 Orsum
814 980 864 1019 ou-

63 1036 161 1093 xiiium
176 1035 401 1108 Agrippinensem
421 1035 617 1108 offerebantque
629 1055 740 1093 uxorem
750 1055 781 1095 ec
790 1055 864 1095 soro-

63 1130 119 1167 rem
130 1111 226 1167 Civilis
236 1119 261 1165 et
270 1111 354 1166 filiam
364 1110 485 1174 Classici,
497 1110 587 1166 relicte
595 1112 648 1167 sibi
659 1113 770 1186 pignore
778 1115 864 1169 socie·

63 1188 132 1243 tetis.
173 1185 261 1257 Atque
274 1186 382 1242 interim
395 1185 530 1256 dispersos
540 1187 568 1240 in
578 1186 702 1242 domibus
715 1188 863 1244 Germanos

63 1260 267 1317 tremidnverrnt.
307 1260 382 1315 Unde
394 1268 482 1319 mune
496 1268 522 1314 et
536 1261 621 1314 iustos
634 1278 725 1330 preces
736 1264 864 1317 invocen-

63 1338 142 1402 tium,
156 1343 301 1407 sntsquun
311 1335 410 1399 hostes,
426 1335 555 1405 reparetis
566 1334 679 1399 viribus,
691 1335 724 1389 ed
734 1353 809 1406 spem
820 1335 862 1391 vel

63 1411 95 1467 sd
114 1410 244 1467 ultionem
262 1411 471 1483 accingerentur.
511 1409 635 1479 Namque
653 1417 679 1462 et
688 1409 783 1465 Civilis
798 1409 863 1464 illuc

63 1485 223 1550 intenderet,
244 1502 297 1540 non
316 1484 467 1547 insolidus,
489 1481 697 1556 flagrantissime
714 1483 863 1540 cohortium

63 1579 173 1617 suarum
189 1561 304 1633 integrm
326 1576 406 1632 quse,
422 1576 456 1614 ex
470 1557 586 1613 Chaucis
596 1558 746 1630 Frisiisque
756 1576 864 1631 compo-

63 1638 123 1701 sito,
134 1635 253 1691 Toibieci
267 1637 296 1690 in
310 1635 411 1691 finibus
420 1633 659 1707 Agrippinensium
670 1634 772 1707 egebit.
811 1633 863 1690 Sed

63 1711 146 1768 tristis
161 1714 273 1767 nuntius
288 1711 391 1773 evertit,
407 1713 518 1764 deletam
533 1712 661 1763 ocimum
671 1710 864 1778 doiodqrt'npi-

63 1791 193 1843 mum:
212 1786 262 1857 qui
272 1785 353 1858 lsrgis
367 1783 454 1855 epulis
464 1784 582 1855 vinoque
593 1784 692 1855 sopitos
703 1784 861 1851 Germanos,

63 1861 162 1917 eleusis
170 1859 284 1924 ionibus,
295 1861 358 1933 igne
366 1860 463 1915 iniecto
475 1875 635 1915 cremavere.
675 1859 761 1915 Simul
772 1859 862 1916 Cerin-

62 1937 96 1993 lis
105 1952 218 2008 propero
230 1937 338 2008 agmine
350 1933 484 1989 subvenit.
524 1933 738 1990 circumsteterat
747 1935 860 1991 Civiiem

63 2020 88 2066 et
96 2011 168 2067 nlius
176 2020 274 2073 metus,
287 2027 321 2064 ne
330 2008 525 2080 quartodecimo
536 2008 615 2082 logio,
626 2009 747 2065 adiuncti
758 2010 863 2063 Briton-

63 2087 123 2142 nice
133 2084 228 2151 classe,
238 2083 383 2140 adflictaret
390 2084 571 2155 Batavosque
581 2082 685 2139 Oceano
694 2083 859 2138 ambiuntur.

63 2160 114 2217 Sed
128 2159 260 2234 legionem
275 2158 390 2215 terrestri
405 2159 500 2214 itinero
508 2159 608 2215 Fabius
618 2159 735 2221 Priscus,
748 2156 861 2229 legatus.

63 2237 90 2291 in
104 2235 218 2291 Nervios
228 2235 404 2307 Tungrosque
417 2233 508 2289 duxit:
530 2249 630 2304 eaeque
643 2232 763 2287 civitatee
777 2230 863 2285 inde·

63 2309 190 2366 ditionem
208 2318 338 2379 comptae.
377 2307 496 2363 Classem
520 2307 590 2362 uitro
608 2303 794 2362 Cronineintes
814 2304 862 2363 ed-

138 2384 235 2439 irunt:
247 2384 385 2454 maiorque
394 2400 456 2453 pars
467 2383 578 2437 nuvium
587 2381 712 2451 depressa
722 2387 860 2450 nutonptn.

63 2402 264 2515 moruorum
274 2457 484 2521 multitudinem,
499 2464 594 2527 sponte
605 2463 763 2511 commotam
776 2463 805 2509 ut
814 2472 862 2525 pro

64 2532 301 2590 Romanisbelium
311 2531 555 2603 capesseret,iidem
564 2528 866 2585 Cannineieteeiudere.

64 2608 197 2665 Classicus
209 2623 319 2679 quoque
332 2607 465 2665 adversus
479 2607 602 2683 equites,
610 2606 775 2663 tionesxum
780 2600 890 2657 nusu-

64 2681 274 2751 hamanum,
290 2687 453 2747 secundum
468 2685 619 2764 proeiium
632 2683 715 2743 iecit.
750 2676 915 2743 munemn-
