<?xml version="1.0" encoding="UTF-8"?>
<!DOCTYPE html PUBLIC "-//W3C//DTD XHTML 1.0 Transitional//EN"
    "http://www.w3.org/TR/xhtml1/DTD/xhtml1-transitional.dtd">
<html xmlns="http://www.w3.org/1999/xhtml" xml:lang="en" lang="en">
 <head>
  <title>
</title>
<meta http-equiv="Content-Type" content="text/html;charset=utf-8" />
  <meta name='ocr-system' content='tesseract 3.04.00' />
  <meta name='ocr-capabilities' content='ocr_page ocr_carea ocr_par ocr_line ocrx_word'/>
</head>
<body>
  <div class='ocr_page' id='page_1' title='image "./ccorneliitaciti00weisgoog_0178.png"; bbox 0 0 1950 3016; ppageno 0'>
   <div class='ocr_carea' id='block_1_1' title="bbox 57 202 857 278">
    <p class='ocr_par' dir='ltr' id='par_1_1' title="bbox 57 202 857 278">
     <span class='ocr_line' id='line_1_1' title="bbox 57 202 857 278; baseline 0.006 -15"><span class='ocrx_word' id='word_1_1' title='bbox 57 222 82 263; x_wconf 84' lang='grc' dir='ltr'><strong>ι.</strong></span> <span class='ocrx_word' id='word_1_2' title='bbox 93 222 119 263; x_wconf 83' lang='lat' dir='ltr'><strong>c.</strong></span> <span class='ocrx_word' id='word_1_3' title='bbox 129 202 180 278; x_wconf 82' lang='lat' dir='ltr'><strong>ro.)</strong></span> <span class='ocrx_word' id='word_1_4' title='bbox 271 214 353 260; x_wconf 78' lang='lat' dir='ltr'><strong>nra.</strong></span> <span class='ocrx_word' id='word_1_5' title='bbox 371 214 421 263; x_wconf 81' lang='lat' dir='ltr'><strong>nv.</strong></span> <span class='ocrx_word' id='word_1_6' title='bbox 441 216 530 265; x_wconf 73' lang='lat' dir='ltr'><strong>ona.</strong></span> <span class='ocrx_word' id='word_1_7' title='bbox 549 219 640 266; x_wconf 81' lang='lat' dir='ltr'><strong>a-o.</strong></span> <span class='ocrx_word' id='word_1_8' title='bbox 808 210 857 268; x_wconf 76' lang='lat' dir='ltr'><strong>lla</strong></span> 
     </span>
    </p>
   </div>
   <div class='ocr_carea' id='block_1_2' title="bbox 56 314 857 557">
    <p class='ocr_par' dir='ltr' id='par_1_2' title="bbox 56 314 857 557">
     <span class='ocr_line' id='line_1_2' title="bbox 57 314 855 387; baseline 0.004 -16"><span class='ocrx_word' id='word_1_9' title='bbox 57 316 136 371; x_wconf 78' lang='lat' dir='ltr'><strong>licam</strong></span> <span class='ocrx_word' id='word_1_10' title='bbox 149 316 180 370; x_wconf 87' lang='lat' dir='ltr'><strong>iu</strong></span> <span class='ocrx_word' id='word_1_11' title='bbox 189 314 290 371; x_wconf 91' lang='lat' dir='ltr'><strong>bonum</strong></span> <span class='ocrx_word' id='word_1_12' title='bbox 305 316 464 387; x_wconf 85' lang='lat' dir='ltr'><strong>principem,</strong></span> <span class='ocrx_word' id='word_1_13' title='bbox 479 318 515 372; x_wconf 92' lang='lat' dir='ltr'><strong>lta</strong></span> <span class='ocrx_word' id='word_1_14' title='bbox 529 316 546 351; x_wconf 67' lang='lat'><strong>⁴*</strong></span> <span class='ocrx_word' id='word_1_15' title='bbox 556 316 599 352; x_wconf 66' lang='grc' dir='ltr'>Η</span> <span class='ocrx_word' id='word_1_16' title='bbox 608 316 652 351; x_wconf 72' lang='lat'><strong>⁴⁸*</strong></span> <span class='ocrx_word' id='word_1_17' title='bbox 662 317 728 373; x_wconf 85' lang='lat' dir='ltr'><strong>lalsa</strong></span> <span class='ocrx_word' id='word_1_18' title='bbox 737 319 855 387; x_wconf 90' lang='lat' dir='ltr'><strong>aberant,</strong></span> 
     </span>
     <span class='ocr_line' id='line_1_3' title="bbox 56 390 857 467; baseline 0.004 -20"><span class='ocrx_word' id='word_1_19' title='bbox 56 399 81 447; x_wconf 85' lang='lat' dir='ltr'><strong>at</strong></span> <span class='ocrx_word' id='word_1_20' title='bbox 94 390 195 447; x_wconf 82' lang='lat' dir='ltr'><strong>studiis</strong></span> <span class='ocrx_word' id='word_1_21' title='bbox 208 398 317 445; x_wconf 83' lang='lat' dir='ltr'><strong>senatus</strong></span> <span class='ocrx_word' id='word_1_22' title='bbox 332 391 515 448; x_wconf 84' lang='lat' dir='ltr'><strong>adtollebatur.</strong></span> <span class='ocrx_word' id='word_1_23' title='bbox 554 394 635 467; x_wconf 75' lang='lat' dir='ltr'><strong>lsipre</strong></span> <span class='ocrx_word' id='word_1_24' title='bbox 647 396 806 466; x_wconf 84' lang='lat' dir='ltr'><strong>praecipuus</strong></span> <span class='ocrx_word' id='word_1_25' title='bbox 816 395 857 450; x_wconf 87' lang='lat' dir='ltr'><strong>illi</strong></span> 
     </span>
     <span class='ocr_line' id='line_1_4' title="bbox 57 465 824 557; baseline 0.004 -36"><span class='ocrx_word' id='word_1_26' title='bbox 57 467 124 531; x_wconf 86' lang='lat' dir='ltr'><strong>dies,</strong></span> <span class='ocrx_word' id='word_1_27' title='bbox 137 483 251 538; x_wconf 86' lang='lat' dir='ltr'><strong>magnae</strong></span> <span class='ocrx_word' id='word_1_28' title='bbox 259 465 374 520; x_wconf 78' lang='lat' dir='ltr'><strong>offensae</strong></span> <span class='ocrx_word' id='word_1_29' title='bbox 383 467 488 521; x_wconf 87' lang='lat' dir='ltr'><strong>initium</strong></span> <span class='ocrx_word' id='word_1_30' title='bbox 499 475 526 522; x_wconf 83' lang='lat' dir='ltr'><strong>et</strong></span> <span class='ocrx_word' id='word_1_31' title='bbox 534 484 646 541; x_wconf 82' lang='lat' dir='ltr'><strong>magnae</strong></span> <span class='ocrx_word' id='word_1_32' title='bbox 654 468 754 557; x_wconf 70' lang='lat' dir='ltr'><strong>ploriae</strong></span> <span class='ocrx_word' id='word_1_33' title='bbox 766 469 824 525; x_wconf 90' lang='lat' dir='ltr'><strong>luit.</strong></span> 
     </span>
    </p>
   </div>
   <div class='ocr_carea' id='block_1_3' title="bbox 52 541 907 2714">
    <p class='ocr_par' dir='ltr' id='par_1_3' title="bbox 56 541 860 1731">
     <span class='ocr_line' id='line_1_5' title="bbox 110 541 856 614; baseline 0.005 -20"><span class='ocrx_word' id='word_1_34' title='bbox 110 543 139 595; x_wconf 75' lang='lat' dir='ltr'><strong>b.</strong></span> <span class='ocrx_word' id='word_1_35' title='bbox 159 541 213 594; x_wconf 83' lang='lat' dir='ltr'><strong>lies</strong></span> <span class='ocrx_word' id='word_1_36' title='bbox 227 558 334 611; x_wconf 86' lang='lat' dir='ltr'><strong>poseere</strong></span> <span class='ocrx_word' id='word_1_37' title='bbox 346 543 461 607; x_wconf 83' lang='lat' dir='ltr'><strong>videtur,</strong></span> <span class='ocrx_word' id='word_1_38' title='bbox 472 543 536 614; x_wconf 90' lang='lat' dir='ltr'><strong>quia</strong></span> <span class='ocrx_word' id='word_1_39' title='bbox 551 543 647 598; x_wconf 86' lang='lat' dir='ltr'><strong>iterum</strong></span> <span class='ocrx_word' id='word_1_40' title='bbox 657 560 686 597; x_wconf 90' lang='grc' dir='ltr'><strong>ιιι</strong></span> <span class='ocrx_word' id='word_1_41' title='bbox 696 546 856 598; x_wconf 82' lang='lat' dir='ltr'><strong>mentionem</strong></span> 
     </span>
     <span class='ocr_line' id='line_1_6' title="bbox 56 616 859 690; baseline 0.001 -18"><span class='ocrx_word' id='word_1_42' title='bbox 56 616 206 672; x_wconf 89' lang='lat' dir='ltr'><strong>inuidimus</strong></span> <span class='ocrx_word' id='word_1_43' title='bbox 217 616 268 670; x_wconf 88' lang='lat' dir='ltr'><strong>viri</strong></span> <span class='ocrx_word' id='word_1_44' title='bbox 277 618 385 687; x_wconf 89' lang='lat' dir='ltr'><strong>saepius</strong></span> <span class='ocrx_word' id='word_1_45' title='bbox 394 616 569 683; x_wconf 89' lang='lat' dir='ltr'><strong>memorandi,</strong></span> <span class='ocrx_word' id='word_1_46' title='bbox 584 627 615 673; x_wconf 88' lang='lat' dir='ltr'><strong>ut</strong></span> <span class='ocrx_word' id='word_1_47' title='bbox 624 618 707 672; x_wconf 86' lang='lat' dir='ltr'><strong>vitam</strong></span> <span class='ocrx_word' id='word_1_48' title='bbox 717 616 859 690; x_wconf 80' lang='lat' dir='ltr'><strong>studiaque</strong></span> 
     </span>
     <span class='ocr_line' id='line_1_7' title="bbox 56 689 859 763; baseline 0 -16"><span class='ocrx_word' id='word_1_49' title='bbox 56 694 127 757; x_wconf 89' lang='lat' dir='ltr'><strong>eius,</strong></span> <span class='ocrx_word' id='word_1_50' title='bbox 138 699 165 745; x_wconf 92' lang='lat' dir='ltr'><strong>et</strong></span> <span class='ocrx_word' id='word_1_51' title='bbox 174 690 249 762; x_wconf 87' lang='lat' dir='ltr'><strong>quali</strong></span> <span class='ocrx_word' id='word_1_52' title='bbox 260 689 363 745; x_wconf 78' lang='lat' dir='ltr'><strong>fortuna</strong></span> <span class='ocrx_word' id='word_1_53' title='bbox 373 693 408 746; x_wconf 84' lang='lat' dir='ltr'><strong>ait</strong></span> <span class='ocrx_word' id='word_1_54' title='bbox 417 708 494 756; x_wconf 85' lang='lat' dir='ltr'><strong>usus,</strong></span> <span class='ocrx_word' id='word_1_55' title='bbox 508 693 603 763; x_wconf 86' lang='lat' dir='ltr'><strong>pauois</strong></span> <span class='ocrx_word' id='word_1_56' title='bbox 611 700 739 763; x_wconf 83' lang='lat' dir='ltr'><strong>repetam.</strong></span> <span class='ocrx_word' id='word_1_57' title='bbox 768 692 859 747; x_wconf 87' lang='lat' dir='ltr'><strong>llelvi-</strong></span> 
     </span>
     <span class='ocr_line' id='line_1_8' title="bbox 56 766 859 839; baseline 0.001 -18"><span class='ocrx_word' id='word_1_58' title='bbox 56 766 119 821; x_wconf 89' lang='lat' dir='ltr'><strong>dius</strong></span> <span class='ocrx_word' id='word_1_59' title='bbox 134 766 254 831; x_wconf 88' lang='lat' dir='ltr'><strong>Prisous,</strong></span> <span class='ocrx_word' id='word_1_60' title='bbox 271 766 426 821; x_wconf 75' lang='lat' dir='ltr'><strong>Tarracinae</strong></span> <span class='ocrx_word' id='word_1_61' title='bbox 438 768 595 837; x_wconf 87' lang='lat' dir='ltr'><strong>munioiplo,</strong></span> <span class='ocrx_word' id='word_1_62' title='bbox 610 767 706 822; x_wconf 86' lang='lat' dir='ltr'><strong>Cluvio</strong></span> <span class='ocrx_word' id='word_1_63' title='bbox 715 775 798 838; x_wconf 88' lang='lat' dir='ltr'><strong>patre,</strong></span> <span class='ocrx_word' id='word_1_64' title='bbox 810 769 859 839; x_wconf 86' lang='lat' dir='ltr'><strong>qui</strong></span> 
     </span>
     <span class='ocr_line' id='line_1_9' title="bbox 56 839 859 970; baseline -0.001 -73"><span class='ocrx_word' id='word_1_65' title='bbox 56 842 180 897; x_wconf 78' lang='lat' dir='ltr'><strong>ordinem</strong></span> <span class='ocrx_word' id='word_1_66' title='bbox 194 839 325 911; x_wconf 90' lang='lat' dir='ltr'><strong>primipili</strong></span> <span class='ocrx_word' id='word_1_67' title='bbox 340 840 470 906; x_wconf 86' lang='lat' dir='ltr'><strong>duxisset,</strong></span> <span class='ocrx_word' id='word_1_68' title='bbox 486 843 625 970; x_wconf 55' lang='lat' dir='ltr'><strong>ingenium</strong></span> <span class='ocrx_word' id='word_1_69' title='bbox 635 841 750 897; x_wconf 86' lang='lat' dir='ltr'><strong>inlustre</strong></span> <span class='ocrx_word' id='word_1_70' title='bbox 759 842 859 897; x_wconf 89' lang='lat' dir='ltr'><strong>altiori-</strong></span> 
     </span>
     <span class='ocr_line' id='line_1_10' title="bbox 57 916 856 989; baseline 0 -18"><span class='ocrx_word' id='word_1_71' title='bbox 57 917 109 971; x_wconf 91' lang='lat' dir='ltr'><strong>bus</strong></span> <span class='ocrx_word' id='word_1_72' title='bbox 122 916 223 971; x_wconf 89' lang='lat' dir='ltr'><strong>studiis</strong></span> <span class='ocrx_word' id='word_1_73' title='bbox 236 916 343 970; x_wconf 80' lang='lat' dir='ltr'><strong>iuvenis</strong></span> <span class='ocrx_word' id='word_1_74' title='bbox 356 916 500 970; x_wconf 87' lang='lat' dir='ltr'><strong>admodum</strong></span> <span class='ocrx_word' id='word_1_75' title='bbox 533 916 602 971; x_wconf 88' lang='lat' dir='ltr'><strong>edit:</strong></span> <span class='ocrx_word' id='word_1_76' title='bbox 622 933 676 973; x_wconf 86' lang='lat' dir='ltr'><strong>uon</strong></span> <span class='ocrx_word' id='word_1_77' title='bbox 686 925 716 971; x_wconf 92' lang='lat' dir='ltr'><strong>ut</strong></span> <span class='ocrx_word' id='word_1_78' title='bbox 724 916 856 989; x_wconf 89' lang='lat' dir='ltr'><strong>plerique,</strong></span> 
     </span>
     <span class='ocr_line' id='line_1_11' title="bbox 57 989 858 1065; baseline 0 -19"><span class='ocrx_word' id='word_1_79' title='bbox 57 998 86 1047; x_wconf 92' lang='lat' dir='ltr'><strong>ut</strong></span> <span class='ocrx_word' id='word_1_80' title='bbox 101 992 213 1045; x_wconf 86' lang='lat' dir='ltr'><strong>nomine</strong></span> <span class='ocrx_word' id='word_1_81' title='bbox 227 989 370 1063; x_wconf 79' lang='lat' dir='ltr'><strong>magnilioo</strong></span> <span class='ocrx_word' id='word_1_82' title='bbox 384 1007 465 1064; x_wconf 80' lang='lat' dir='ltr'>segne</span> <span class='ocrx_word' id='word_1_83' title='bbox 473 992 558 1046; x_wconf 88' lang='lat' dir='ltr'><strong>otium</strong></span> <span class='ocrx_word' id='word_1_84' title='bbox 570 991 678 1058; x_wconf 84' lang='lat' dir='ltr'><strong>velaret,</strong></span> <span class='ocrx_word' id='word_1_85' title='bbox 690 992 737 1046; x_wconf 86' lang='lat' dir='ltr'><strong>aad</strong></span> <span class='ocrx_word' id='word_1_86' title='bbox 748 1008 803 1065; x_wconf 86' lang='lat' dir='ltr'><strong>quo</strong></span> <span class='ocrx_word' id='word_1_87' title='bbox 811 992 858 1046; x_wconf 90' lang='lat' dir='ltr'><strong>lir-</strong></span> 
     </span>
     <span class='ocr_line' id='line_1_12' title="bbox 57 1065 858 1139; baseline 0.002 -18"><span class='ocrx_word' id='word_1_88' title='bbox 57 1067 127 1121; x_wconf 89' lang='lat' dir='ltr'><strong>mior</strong></span> <span class='ocrx_word' id='word_1_89' title='bbox 136 1065 267 1120; x_wconf 84' lang='lat' dir='ltr'><strong>adversus</strong></span> <span class='ocrx_word' id='word_1_90' title='bbox 276 1065 381 1121; x_wconf 77' lang='lat' dir='ltr'><strong>fortuita</strong></span> <span class='ocrx_word' id='word_1_91' title='bbox 390 1065 584 1137; x_wconf 75' lang='lat' dir='ltr'><strong>rempublicam</strong></span> <span class='ocrx_word' id='word_1_92' title='bbox 594 1075 751 1139; x_wconf 88' lang='lat' dir='ltr'><strong>eapesseret.</strong></span> <span class='ocrx_word' id='word_1_93' title='bbox 764 1068 858 1123; x_wconf 80' lang='lat' dir='ltr'><strong>Docto-</strong></span> 
     </span>
     <span class='ocr_line' id='line_1_13' title="bbox 57 1141 855 1215; baseline 0.001 -20"><span class='ocrx_word' id='word_1_94' title='bbox 57 1158 99 1195; x_wconf 85' lang='lat' dir='ltr'><strong>res</strong></span> <span class='ocrx_word' id='word_1_95' title='bbox 109 1141 258 1211; x_wconf 74' lang='lat' dir='ltr'><strong>sapientiae</strong></span> <span class='ocrx_word' id='word_1_96' title='bbox 266 1148 375 1195; x_wconf 83' lang='lat' dir='ltr'><strong>sseuurs</strong></span> <span class='ocrx_word' id='word_1_97' title='bbox 385 1148 433 1207; x_wconf 91' lang='lat' dir='ltr'><strong>est,</strong></span> <span class='ocrx_word' id='word_1_98' title='bbox 443 1142 491 1213; x_wconf 88' lang='lat' dir='ltr'><strong>qui</strong></span> <span class='ocrx_word' id='word_1_99' title='bbox 501 1141 556 1196; x_wconf 89' lang='lat' dir='ltr'><strong>sola</strong></span> <span class='ocrx_word' id='word_1_100' title='bbox 567 1142 645 1207; x_wconf 91' lang='lat' dir='ltr'><strong>bona,</strong></span> <span class='ocrx_word' id='word_1_101' title='bbox 655 1158 726 1215; x_wconf 86' lang='lat' dir='ltr'><strong>quae</strong></span> <span class='ocrx_word' id='word_1_102' title='bbox 736 1142 855 1206; x_wconf 86' lang='lat' dir='ltr'><strong>honesta,</strong></span> 
     </span>
     <span class='ocr_line' id='line_1_14' title="bbox 57 1214 859 1288; baseline -0.002 -17"><span class='ocrx_word' id='word_1_103' title='bbox 57 1214 127 1271; x_wconf 86' lang='lat' dir='ltr'><strong>mala</strong></span> <span class='ocrx_word' id='word_1_104' title='bbox 137 1223 252 1280; x_wconf 89' lang='lat' dir='ltr'><strong>tantum,</strong></span> <span class='ocrx_word' id='word_1_105' title='bbox 263 1231 333 1287; x_wconf 85' lang='lat' dir='ltr'><strong>quas</strong></span> <span class='ocrx_word' id='word_1_106' title='bbox 341 1216 443 1286; x_wconf 75' lang='lat' dir='ltr'><strong>turpia:</strong></span> <span class='ocrx_word' id='word_1_107' title='bbox 463 1218 617 1288; x_wconf 85' lang='lat' dir='ltr'><strong>potentiam,</strong></span> <span class='ocrx_word' id='word_1_108' title='bbox 629 1217 803 1281; x_wconf 75' lang='lat' dir='ltr'><strong>nobilitatem,</strong></span> <span class='ocrx_word' id='word_1_109' title='bbox 814 1232 859 1269; x_wconf 86' lang='lat' dir='ltr'><strong>oe-</strong></span> 
     </span>
     <span class='ocr_line' id='line_1_15' title="bbox 57 1289 859 1363; baseline -0.002 -18"><span class='ocrx_word' id='word_1_110' title='bbox 57 1296 167 1363; x_wconf 87' lang='lat' dir='ltr'><strong>teraque</strong></span> <span class='ocrx_word' id='word_1_111' title='bbox 178 1298 250 1345; x_wconf 83' lang='lat' dir='ltr'><strong>extra</strong></span> <span class='ocrx_word' id='word_1_112' title='bbox 261 1291 391 1355; x_wconf 90' lang='lat' dir='ltr'><strong>animum,</strong></span> <span class='ocrx_word' id='word_1_113' title='bbox 401 1306 490 1362; x_wconf 85' lang='lat' dir='ltr'><strong>neque</strong></span> <span class='ocrx_word' id='word_1_114' title='bbox 499 1291 576 1346; x_wconf 89' lang='lat' dir='ltr'><strong>bonis</strong></span> <span class='ocrx_word' id='word_1_115' title='bbox 586 1307 675 1362; x_wconf 85' lang='lat' dir='ltr'><strong>neque</strong></span> <span class='ocrx_word' id='word_1_116' title='bbox 683 1289 762 1343; x_wconf 84' lang='lat' dir='ltr'><strong>malis</strong></span> <span class='ocrx_word' id='word_1_117' title='bbox 772 1291 859 1343; x_wconf 89' lang='lat' dir='ltr'><strong>adnu-</strong></span> 
     </span>
     <span class='ocr_line' id='line_1_16' title="bbox 58 1363 859 1435; baseline -0.005 -15"><span class='ocrx_word' id='word_1_118' title='bbox 58 1372 172 1421; x_wconf 81' lang='lat' dir='ltr'><strong>merant.</strong></span> <span class='ocrx_word' id='word_1_119' title='bbox 213 1363 384 1430; x_wconf 82' lang='lat' dir='ltr'><strong>Ouaestorius</strong></span> <span class='ocrx_word' id='word_1_120' title='bbox 402 1365 500 1430; x_wconf 85' lang='lat' dir='ltr'><strong>adhue,</strong></span> <span class='ocrx_word' id='word_1_121' title='bbox 520 1382 535 1419; x_wconf 88' lang='lat' dir='ltr'><strong>a</strong></span> <span class='ocrx_word' id='word_1_122' title='bbox 555 1365 632 1419; x_wconf 86' lang='lat' dir='ltr'><strong>Paeto</strong></span> <span class='ocrx_word' id='word_1_123' title='bbox 648 1364 763 1417; x_wconf 75' lang='lat' dir='ltr'><strong>Thrasea</strong></span> <span class='ocrx_word' id='word_1_124' title='bbox 778 1380 859 1435; x_wconf 78' lang='lat' dir='ltr'><strong>gener</strong></span> 
     </span>
     <span class='ocr_line' id='line_1_17' title="bbox 57 1437 857 1510; baseline -0.008 -15"><span class='ocrx_word' id='word_1_125' title='bbox 57 1440 190 1504; x_wconf 84' lang='lat' dir='ltr'><strong>dolootus,¹</strong></span> <span class='ocrx_word' id='word_1_126' title='bbox 207 1456 223 1493; x_wconf 91' lang='lat' dir='ltr'><strong>e</strong></span> <span class='ocrx_word' id='word_1_127' title='bbox 240 1440 361 1495; x_wconf 85' lang='lat' dir='ltr'><strong>moribus</strong></span> <span class='ocrx_word' id='word_1_128' title='bbox 380 1441 464 1496; x_wconf 88' lang='lat' dir='ltr'><strong>sooeri</strong></span> <span class='ocrx_word' id='word_1_129' title='bbox 479 1437 546 1494; x_wconf 88' lang='lat' dir='ltr'><strong>nihil</strong></span> <span class='ocrx_word' id='word_1_130' title='bbox 564 1454 695 1510; x_wconf 83' lang='lat' dir='ltr'><strong>aequone</strong></span> <span class='ocrx_word' id='word_1_131' title='bbox 711 1437 857 1491; x_wconf 86' lang='lat' dir='ltr'><strong>libertatem</strong></span> 
     </span>
     <span class='ocr_line' id='line_1_18' title="bbox 58 1512 858 1586; baseline -0.008 -16"><span class='ocrx_word' id='word_1_132' title='bbox 58 1514 163 1570; x_wconf 86' lang='lat' dir='ltr'><strong>bausit:</strong></span> <span class='ocrx_word' id='word_1_133' title='bbox 184 1514 262 1579; x_wconf 77' lang='lat' dir='ltr'><strong>oleis,</strong></span> <span class='ocrx_word' id='word_1_134' title='bbox 275 1523 388 1581; x_wconf 85' lang='lat' dir='ltr'><strong>senator,</strong></span> <span class='ocrx_word' id='word_1_135' title='bbox 401 1516 522 1579; x_wconf 86' lang='lat' dir='ltr'><strong>maritus,</strong></span> <span class='ocrx_word' id='word_1_136' title='bbox 534 1530 625 1586; x_wconf 79' lang='lat' dir='ltr'><strong>gener,</strong></span> <span class='ocrx_word' id='word_1_137' title='bbox 635 1513 748 1577; x_wconf 81' lang='lat' dir='ltr'><strong>amicus,</strong></span> <span class='ocrx_word' id='word_1_138' title='bbox 756 1512 858 1566; x_wconf 84' lang='lat' dir='ltr'><strong>eunetis</strong></span> 
     </span>
     <span class='ocr_line' id='line_1_19' title="bbox 58 1586 860 1660; baseline -0.005 -15"><span class='ocrx_word' id='word_1_139' title='bbox 58 1592 128 1645; x_wconf 84' lang='lat' dir='ltr'><strong>vitae</strong></span> <span class='ocrx_word' id='word_1_140' title='bbox 141 1587 239 1644; x_wconf 85' lang='lat' dir='ltr'><strong>olfioiis</strong></span> <span class='ocrx_word' id='word_1_141' title='bbox 247 1589 404 1660; x_wconf 84' lang='lat' dir='ltr'><strong>aequabilis,</strong></span> <span class='ocrx_word' id='word_1_142' title='bbox 418 1606 501 1659; x_wconf 91' lang='lat' dir='ltr'><strong>opum</strong></span> <span class='ocrx_word' id='word_1_143' title='bbox 511 1596 684 1660; x_wconf 87' lang='lat' dir='ltr'><strong>oontemptor,</strong></span> <span class='ocrx_word' id='word_1_144' title='bbox 695 1588 760 1642; x_wconf 86' lang='lat' dir='ltr'><strong>recti</strong></span> <span class='ocrx_word' id='word_1_145' title='bbox 769 1586 860 1659; x_wconf 82' lang='lat' dir='ltr'><strong>pervi-</strong></span> 
     </span>
     <span class='ocr_line' id='line_1_20' title="bbox 58 1663 499 1731; baseline -0.009 -10"><span class='ocrx_word' id='word_1_146' title='bbox 58 1681 116 1731; x_wconf 83' lang='lat' dir='ltr'><strong>eax,</strong></span> <span class='ocrx_word' id='word_1_147' title='bbox 128 1670 254 1719; x_wconf 82' lang='lat' dir='ltr'><strong>onustans</strong></span> <span class='ocrx_word' id='word_1_148' title='bbox 263 1663 392 1719; x_wconf 85' lang='lat' dir='ltr'><strong>adversus</strong></span> <span class='ocrx_word' id='word_1_149' title='bbox 403 1672 499 1727; x_wconf 85' lang='lat' dir='ltr'><strong>metus.</strong></span> 
     </span>
    </p>

    <p class='ocr_par' dir='ltr' id='par_1_4' title="bbox 52 1735 907 2714">
     <span class='ocr_line' id='line_1_21' title="bbox 111 1735 856 1809; baseline -0.004 -14"><span class='ocrx_word' id='word_1_150' title='bbox 111 1742 139 1795; x_wconf 84' lang='grc'><strong>6.</strong></span> <span class='ocrx_word' id='word_1_151' title='bbox 169 1736 267 1803; x_wconf 80' lang='lat' dir='ltr'><strong>Erant,</strong></span> <span class='ocrx_word' id='word_1_152' title='bbox 296 1739 397 1809; x_wconf 84' lang='lat' dir='ltr'><strong>quibus</strong></span> <span class='ocrx_word' id='word_1_153' title='bbox 425 1738 587 1809; x_wconf 88' lang='lat' dir='ltr'><strong>adpetentior</strong></span> <span class='ocrx_word' id='word_1_154' title='bbox 609 1735 695 1793; x_wconf 85' lang='lat' dir='ltr'><strong>lamas</strong></span> <span class='ocrx_word' id='word_1_155' title='bbox 712 1738 856 1803; x_wconf 86' lang='lat' dir='ltr'><strong>videretur,</strong></span> 
     </span>
     <span class='ocr_line' id='line_1_22' title="bbox 58 1812 858 1886; baseline -0.003 -17"><span class='ocrx_word' id='word_1_156' title='bbox 58 1812 169 1886; x_wconf 63' lang='lat' dir='ltr'><strong>mando</strong></span> <span class='ocrx_word' id='word_1_157' title='bbox 176 1814 257 1867; x_wconf 61' lang='lat' dir='ltr'><strong>mam</strong></span> <span class='ocrx_word' id='word_1_158' title='bbox 267 1812 434 1884; x_wconf 82' lang='lat' dir='ltr'><strong>sapientibus</strong></span> <span class='ocrx_word' id='word_1_159' title='bbox 440 1812 538 1883; x_wconf 87' lang='lat' dir='ltr'><strong>cupido</strong></span> <span class='ocrx_word' id='word_1_160' title='bbox 546 1812 645 1885; x_wconf 80' lang='lat' dir='ltr'><strong>gloriae</strong></span> <span class='ocrx_word' id='word_1_161' title='bbox 654 1814 800 1869; x_wconf 86' lang='lat' dir='ltr'><strong>novissima</strong></span> <span class='ocrx_word' id='word_1_162' title='bbox 811 1830 858 1867; x_wconf 85' lang='lat' dir='ltr'><strong>ex-</strong></span> 
     </span>
     <span class='ocr_line' id='line_1_23' title="bbox 58 1886 857 1959; baseline -0.004 -16"><span class='ocrx_word' id='word_1_163' title='bbox 58 1890 141 1943; x_wconf 89' lang='lat' dir='ltr'><strong>uitur.</strong></span> <span class='ocrx_word' id='word_1_164' title='bbox 181 1886 270 1942; x_wconf 84' lang='lat' dir='ltr'><strong>Ruina</strong></span> <span class='ocrx_word' id='word_1_165' title='bbox 288 1887 372 1943; x_wconf 88' lang='lat' dir='ltr'><strong>aoeeri</strong></span> <span class='ocrx_word' id='word_1_166' title='bbox 390 1888 419 1941; x_wconf 89' lang='lat' dir='ltr'><strong>ln</strong></span> <span class='ocrx_word' id='word_1_167' title='bbox 438 1886 563 1942; x_wconf 87' lang='lat' dir='ltr'><strong>exsilium</strong></span> <span class='ocrx_word' id='word_1_168' title='bbox 583 1888 690 1959; x_wconf 89' lang='lat' dir='ltr'><strong>pulsus,</strong></span> <span class='ocrx_word' id='word_1_169' title='bbox 710 1897 740 1942; x_wconf 89' lang='lat' dir='ltr'><strong>ut</strong></span> <span class='ocrx_word' id='word_1_170' title='bbox 757 1887 857 1942; x_wconf 87' lang='lat' dir='ltr'><strong>Galbae</strong></span> 
     </span>
     <span class='ocr_line' id='line_1_24' title="bbox 57 1961 858 2034; baseline -0.006 -16"><span class='ocrx_word' id='word_1_171' title='bbox 57 1964 209 2034; x_wconf 86' lang='lat' dir='ltr'><strong>principatu</strong></span> <span class='ocrx_word' id='word_1_172' title='bbox 221 1961 307 2028; x_wconf 91' lang='lat' dir='ltr'><strong>rediit,</strong></span> <span class='ocrx_word' id='word_1_173' title='bbox 319 1961 474 2017; x_wconf 84' lang='lat' dir='ltr'><strong>Marcellum</strong></span> <span class='ocrx_word' id='word_1_174' title='bbox 487 1962 610 2033; x_wconf 84' lang='lat' dir='ltr'><strong>Eprium,</strong></span> <span class='ocrx_word' id='word_1_175' title='bbox 621 1962 762 2018; x_wconf 86' lang='lat' dir='ltr'><strong>delatorem</strong></span> <span class='ocrx_word' id='word_1_176' title='bbox 773 1962 858 2014; x_wconf 86' lang='lat' dir='ltr'><strong>Tlrra-</strong></span> 
     </span>
     <span class='ocr_line' id='line_1_25' title="bbox 58 2036 859 2113; baseline -0.004 -22"><span class='ocrx_word' id='word_1_177' title='bbox 58 2054 130 2102; x_wconf 82' lang='lat' dir='ltr'><strong>seae,</strong></span> <span class='ocrx_word' id='word_1_178' title='bbox 145 2037 274 2093; x_wconf 64' lang='lat' dir='ltr'><strong>motusue</strong></span> <span class='ocrx_word' id='word_1_179' title='bbox 286 2036 448 2113; x_wconf 76' lang='lat' dir='ltr'><strong>adgreditur.</strong></span> <span class='ocrx_word' id='word_1_180' title='bbox 487 2037 525 2090; x_wconf 83' lang='lat' dir='ltr'><strong>lia</strong></span> <span class='ocrx_word' id='word_1_181' title='bbox 539 2036 613 2100; x_wconf 90' lang='lat' dir='ltr'><strong>ultio,</strong></span> <span class='ocrx_word' id='word_1_182' title='bbox 628 2039 759 2092; x_wconf 82' lang='lat' dir='ltr'><strong>incertum</strong></span> <span class='ocrx_word' id='word_1_183' title='bbox 774 2036 859 2088; x_wconf 90' lang='lat' dir='ltr'><strong>maior</strong></span> 
     </span>
     <span class='ocr_line' id='line_1_26' title="bbox 59 2108 859 2178; baseline -0.009 -12"><span class='ocrx_word' id='word_1_184' title='bbox 59 2128 92 2166; x_wconf 89' lang='lat' dir='ltr'><strong>an</strong></span> <span class='ocrx_word' id='word_1_185' title='bbox 101 2113 207 2178; x_wconf 84' lang='lat' dir='ltr'><strong>iustior,</strong></span> <span class='ocrx_word' id='word_1_186' title='bbox 218 2121 339 2167; x_wconf 72' lang='lat' dir='ltr'><strong>sendum</strong></span> <span class='ocrx_word' id='word_1_187' title='bbox 349 2114 378 2167; x_wconf 90' lang='lat' dir='ltr'><strong>ln</strong></span> <span class='ocrx_word' id='word_1_188' title='bbox 388 2110 475 2166; x_wconf 87' lang='lat' dir='ltr'><strong>studia</strong></span> <span class='ocrx_word' id='word_1_189' title='bbox 484 2111 633 2167; x_wconf 83' lang='lat' dir='ltr'><strong>diduxerat.</strong></span> <span class='ocrx_word' id='word_1_190' title='bbox 667 2112 736 2164; x_wconf 89' lang='lat' dir='ltr'><strong>Nam</strong></span> <span class='ocrx_word' id='word_1_191' title='bbox 747 2110 771 2161; x_wconf 88' lang='lat' dir='ltr'><strong>si</strong></span> <span class='ocrx_word' id='word_1_192' title='bbox 780 2108 859 2161; x_wconf 87' lang='lat' dir='ltr'><strong>eade-</strong></span> 
     </span>
     <span class='ocr_line' id='line_1_27' title="bbox 58 2182 859 2260; baseline -0.009 -19"><span class='ocrx_word' id='word_1_193' title='bbox 58 2194 98 2241; x_wconf 85' lang='lat' dir='ltr'><strong>rot</strong></span> <span class='ocrx_word' id='word_1_194' title='bbox 106 2186 259 2250; x_wconf 84' lang='lat' dir='ltr'><strong>llaroellus,</strong></span> <span class='ocrx_word' id='word_1_195' title='bbox 271 2204 366 2260; x_wconf 84' lang='lat' dir='ltr'><strong>agmen</strong></span> <span class='ocrx_word' id='word_1_196' title='bbox 376 2204 482 2242; x_wconf 90' lang='lat' dir='ltr'><strong>reorum</strong></span> <span class='ocrx_word' id='word_1_197' title='bbox 493 2186 666 2241; x_wconf 80' lang='lat' dir='ltr'><strong>sternebatur.</strong></span> <span class='ocrx_word' id='word_1_198' title='bbox 706 2183 796 2237; x_wconf 91' lang='lat' dir='ltr'><strong>Primo</strong></span> <span class='ocrx_word' id='word_1_199' title='bbox 805 2182 859 2234; x_wconf 88' lang='lat' dir='ltr'><strong>mi-</strong></span> 
     </span>
     <span class='ocr_line' id='line_1_28' title="bbox 59 2258 858 2335; baseline -0.01 -20"><span class='ocrx_word' id='word_1_200' title='bbox 59 2278 112 2316; x_wconf 82' lang='lat' dir='ltr'><strong>nax</strong></span> <span class='ocrx_word' id='word_1_201' title='bbox 124 2270 268 2324; x_wconf 86' lang='lat' dir='ltr'><strong>oertameu,</strong></span> <span class='ocrx_word' id='word_1_202' title='bbox 285 2268 310 2315; x_wconf 90' lang='lat' dir='ltr'><strong>et</strong></span> <span class='ocrx_word' id='word_1_203' title='bbox 322 2262 438 2335; x_wconf 77' lang='lat' dir='ltr'><strong>egreglis</strong></span> <span class='ocrx_word' id='word_1_204' title='bbox 451 2262 594 2332; x_wconf 85' lang='lat' dir='ltr'><strong>utriusque</strong></span> <span class='ocrx_word' id='word_1_205' title='bbox 604 2258 769 2314; x_wconf 86' lang='lat' dir='ltr'><strong>orationibus</strong></span> <span class='ocrx_word' id='word_1_206' title='bbox 779 2264 858 2308; x_wconf 88' lang='lat' dir='ltr'><strong>testa-</strong></span> 
     </span>
     <span class='ocr_line' id='line_1_29' title="bbox 60 2332 857 2399; baseline -0.01 -8"><span class='ocrx_word' id='word_1_207' title='bbox 60 2343 128 2391; x_wconf 84' lang='lat' dir='ltr'><strong>tum.</strong></span> <span class='ocrx_word' id='word_1_208' title='bbox 162 2334 235 2398; x_wconf 82' lang='lat' dir='ltr'><strong>llox,</strong></span> <span class='ocrx_word' id='word_1_209' title='bbox 246 2334 328 2391; x_wconf 89' lang='lat' dir='ltr'><strong>‹lubla</strong></span> <span class='ocrx_word' id='word_1_210' title='bbox 338 2334 472 2390; x_wconf 84' lang='lat' dir='ltr'><strong>voluntate</strong></span> <span class='ocrx_word' id='word_1_211' title='bbox 481 2336 590 2399; x_wconf 86' lang='lat' dir='ltr'><strong>Galbae,</strong></span> <span class='ocrx_word' id='word_1_212' title='bbox 602 2332 697 2387; x_wconf 88' lang='lat' dir='ltr'><strong>multis</strong></span> <span class='ocrx_word' id='word_1_213' title='bbox 705 2339 857 2386; x_wconf 86' lang='lat' dir='ltr'><strong>senatorum</strong></span> 
     </span>
     <span class='ocr_line' id='line_1_30' title="bbox 59 2404 859 2483; baseline -0.01 -18"><span class='ocrx_word' id='word_1_214' title='bbox 59 2409 274 2483; x_wconf 79' lang='lat' dir='ltr'><strong>deprecantibus,</strong></span> <span class='ocrx_word' id='word_1_215' title='bbox 290 2410 381 2464; x_wconf 87' lang='lat' dir='ltr'><strong>omisit</strong></span> <span class='ocrx_word' id='word_1_216' title='bbox 394 2411 515 2465; x_wconf 76' lang='lat' dir='ltr'><strong>Pdaous:</strong></span> <span class='ocrx_word' id='word_1_217' title='bbox 535 2409 628 2469; x_wconf 81' lang='lat' dir='ltr'><strong>variis,</strong></span> <span class='ocrx_word' id='word_1_218' title='bbox 648 2415 678 2461; x_wconf 82' lang='lat' dir='ltr'><strong>ut</strong></span> <span class='ocrx_word' id='word_1_219' title='bbox 691 2414 756 2460; x_wconf 89' lang='lat' dir='ltr'><strong>sunt</strong></span> <span class='ocrx_word' id='word_1_220' title='bbox 772 2404 859 2458; x_wconf 89' lang='lat' dir='ltr'><strong>bomi-</strong></span> 
     </span>
     <span class='ocr_line' id='line_1_31' title="bbox 60 2480 857 2559; baseline -0.01 -19"><span class='ocrx_word' id='word_1_221' title='bbox 60 2502 126 2540; x_wconf 90' lang='lat' dir='ltr'><strong>num</strong></span> <span class='ocrx_word' id='word_1_222' title='bbox 139 2484 260 2559; x_wconf 76' lang='lat' dir='ltr'><strong>ingenia,</strong></span> <span class='ocrx_word' id='word_1_223' title='bbox 274 2483 444 2539; x_wconf 88' lang='lat' dir='ltr'><strong>sermonibus</strong></span> <span class='ocrx_word' id='word_1_224' title='bbox 459 2483 665 2538; x_wconf 86' lang='lat' dir='ltr'><strong>moderationem</strong></span> <span class='ocrx_word' id='word_1_225' title='bbox 680 2480 857 2543; x_wconf 85' lang='lat' dir='ltr'><strong>laudantium,</strong></span> 
     </span>
     <span class='ocr_line' id='line_1_32' title="bbox 60 2556 880 2633; baseline -0.009 -18"><span class='ocrx_word' id='word_1_226' title='bbox 60 2569 105 2617; x_wconf 87' lang='lat' dir='ltr'><strong>aut</strong></span> <span class='ocrx_word' id='word_1_227' title='bbox 119 2561 295 2616; x_wconf 87' lang='lat' dir='ltr'><strong>oenstantiam</strong></span> <span class='ocrx_word' id='word_1_228' title='bbox 309 2558 517 2633; x_wconf 74' lang='lat' dir='ltr'><strong>requirentium.</strong></span> <span class='ocrx_word' id='word_1_229' title='bbox 555 2556 704 2623; x_wconf 66' lang='lat' dir='ltr'><strong>nemum,</strong></span> <span class='ocrx_word' id='word_1_230' title='bbox 714 2572 750 2612; x_wconf 81' lang='lat' dir='ltr'><strong>eo</strong></span> <span class='ocrx_word' id='word_1_231' title='bbox 760 2560 880 2608; x_wconf 60' lang='lat' dir='ltr'><strong>aarum</strong></span> 
     </span>
     <span class='ocr_line' id='line_1_33' title="bbox 52 2627 907 2714; baseline -0.011 -29"><span class='ocrx_word' id='word_1_232' title='bbox 52 2634 102 2695; x_wconf 70' lang='lat' dir='ltr'><strong>alis,</strong></span> <span class='ocrx_word' id='word_1_233' title='bbox 123 2650 181 2703; x_wconf 84' lang='lat' dir='ltr'><strong>quo</strong></span> <span class='ocrx_word' id='word_1_234' title='bbox 194 2633 230 2686; x_wconf 83' lang='lat' dir='ltr'><strong>de</strong></span> <span class='ocrx_word' id='word_1_235' title='bbox 240 2634 361 2707; x_wconf 71' lang='lat' dir='ltr'><strong>imperio</strong></span> <span class='ocrx_word' id='word_1_236' title='bbox 375 2637 545 2714; x_wconf 86' lang='lat' dir='ltr'><strong>Vespasiani</strong></span> <span class='ocrx_word' id='word_1_237' title='bbox 565 2633 738 2700; x_wconf 75' lang='lat' dir='ltr'><strong>eensebam,</strong></span> <span class='ocrx_word' id='word_1_238' title='bbox 750 2627 907 2705; x_wconf 60' lang='lat' dir='ltr'><strong>pisonem</strong></span> 
     </span>
    </p>
   </div>
   <div class='ocr_carea' id='block_1_4' title="bbox 36 2696 932 2794">
    <p class='ocr_par' dir='ltr' id='par_1_5' title="bbox 36 2696 932 2794">
     <span class='ocr_line' id='line_1_34' title="bbox 36 2696 932 2794; baseline 0.018 -39"><span class='ocrx_word' id='word_1_239' title='bbox 36 2705 112 2757; x_wconf 65' lang='lat' dir='ltr'><strong>nitu</strong></span> <span class='ocrx_word' id='word_1_240' title='bbox 121 2705 161 2759; x_wconf 86' lang='lat' dir='ltr'><strong>ad</strong></span> <span class='ocrx_word' id='word_1_241' title='bbox 168 2707 333 2785; x_wconf 75' lang='lat' dir='ltr'><strong>prinoipem</strong></span> <span class='ocrx_word' id='word_1_242' title='bbox 350 2714 474 2794; x_wconf 61' lang='grc' dir='ltr'><strong>Ιιςιιιω.</strong></span> <span class='ocrx_word' id='word_1_243' title='bbox 517 2717 601 2776; x_wconf 78' lang='lat' dir='ltr'><strong>ilino</strong></span> <span class='ocrx_word' id='word_1_244' title='bbox 609 2717 690 2774; x_wconf 70' lang='lat' dir='ltr'><strong>inm</strong></span> <span class='ocrx_word' id='word_1_245' title='bbox 699 2704 889 2770; x_wconf 54' lang='lat' dir='ltr'><strong>biduiffim</strong></span> <span class='ocrx_word' id='word_1_246' title='bbox 896 2696 932 2742; x_wconf 43' lang='grc' dir='ltr'><strong>Ψ·</strong></span> 
     </span>
    </p>
   </div>
   <div class='ocr_carea' id='block_1_5' title="bbox 0 0 983 3016">
    <p class='ocr_par' dir='ltr' id='par_1_6' title="bbox 0 0 983 3016">
     <span class='ocr_line' id='line_1_35' title="bbox 0 0 983 3016; baseline 0 0"><span class='ocrx_word' id='word_1_247' title='bbox 0 0 983 3016; x_wconf 95' lang='lat' dir='ltr'><strong> </strong></span> 
     </span>
    </p>
   </div>
  </div>
 </body>
</html>
