1950 3016
107 215 158 274 272
306 222 333 268 c.
359 220 549 266 connum
570 218 707 266 racrrr

106 324 159 363 obit.
178 322 210 361 29.
217 321 301 360 Bellum
310 321 408 361 Britanni
416 324 516 371 reparant
523 319 614 368 cargano
621 320 682 366 duco,
692 319 753 358 cuiue
762 317 853 358 ao-tt.
860 326 904 356 ore·

105 392 137 429 tio
144 390 171 428 ud
178 399 236 428 cuca.
246 390 277 428 83.
284 389 315 428 tt.
321 390 427 429 Romanor
434 399 518 438 quoquc
524 386 734 435 nomturngrtccta.
743 387 834 426 te-at.
839 385 906 425 Atrox

105 461 127 496 ct
136 461 246 497 cruentum
260 458 371 505 proelium.
394 459 426 497 88.
440 458 509 496 Pence
518 457 625 494 Romanoa
633 455 732 495 victorie.
750 452 905 502 AgricolaBri·

105 525 201 563 tenutam
211 525 343 565 circumvehi
350 525 462 573 praecipit.

157 594 188 632 39.
198 593 344 638 Domitianus,
358 591 426 629 fronte
435 590 515 634 leatus,
529 591 616 638 pectore
624 589 711 634 enxiur.
725 589 829 627 nuncium
839 589 906 627 vieto·

108 661 153 699 riae
166 661 252 708 excipit.
278 660 310 698 to.
324 659 422 696 Honores
435 659 508 695 tamen
515 655 627 707 Agricolae
640 656 727 695 decerni
739 655 810 703 iubet,
823 656 907 695 condito

107 728 166 775 odio,
184 728 253 766 donec
269 726 379 774 provincia
394 724 482 764 decedat
496 722 603 772 Agricola,
630 723 652 762 la
665 723 734 762 redux
746 723 844 762 modeste
857 724 906 771 agra.

106 793 139 831 ⁴1,
148 793 269 833 Periculum
278 793 305 832 ab
314 792 476 831 adcumtorlbna
485 793 507 829 et
516 791 670 830 laudatoribus.
692 791 725 829 ta.
735 789 834 829 Excusat
842 801 872 836 sc,
882 800 908 829 ne

106 861 239 908 pmrtnciam
248 861 348 899 sortiatur
356 858 478 908 proconsul.
493 858 526 896 tt.
532 857 584 896 Obit
590 867 633 895 non
641 857 687 895 unc
693 858 771 896 veneni
780 859 908 906 anrpictone,

107 936 120 965 a
129 927 252 966 Domitiano
261 927 313 966 deti.
334 927 367 966 44.
381 926 433 964 Eine
443 927 509 973 aeuo,
518 924 612 970 habttuc,
621 924 719 972 honores,
729 935 789 973 opos.
811 926 844 963 tt.
853 925 909 965 lior-

107 995 136 1032 ttu
149 995 298 1042 opportunitas
311 996 361 1031 ente
373 993 491 1032 Domitiani
504 992 632 1031 atrocitatca.
658 993 691 1031 to.
706 989 802 1041 Questus
815 992 908 1031 auctori·

107 1063 130 1099 ct
138 1070 167 1099 cx
175 1061 254 1098 virtute
263 1059 346 1098 solutio
364 1059 430 1099 ane
439 1058 551 1108 Agrtcolac
560 1059 587 1098 ad
596 1061 693 1109 poatcroa
701 1059 835 1098 dammim.

165 1163 188 1214 t.
200 1151 347 1214 Clarorum
358 1161 480 1215 virorum
491 1159 561 1214 iacta
572 1176 717 1231 moresque
727 1162 847 1232 posteris
857 1168 908 1215 tra·

109 1235 184 1300 dere,
197 1235 349 1307 antiquitus
360 1236 500 1299 usitatum,
513 1252 547 1289 ne
558 1236 657 1289 nostris
671 1235 787 1307 quidem
802 1244 909 1307 tempo-

109 1311 201 1377 ribus,
227 1327 395 1384 quamquam
415 1310 553 1365 incuriosa
576 1326 688 1365 suorum
708 1319 782 1365 aetas
803 1312 906 1377 omisit,

108 1387 235 1459 quotiens
248 1403 347 1459 magna
358 1385 451 1457 aliqua
465 1401 496 1439 ac
511 1384 613 1439 nobilis
626 1384 714 1441 virtus
730 1385 800 1441 vicit
814 1403 847 1441 ac
861 1403 909 1441 su-

108 1478 251 1535 pergressa
266 1469 307 1516 eat
322 1460 437 1524 vitium,
453 1460 549 1532 parvis
566 1459 731 1532 magnisque
746 1461 909 1515 civitatibus

109 1553 262 1600 commune,
279 1536 461 1608 ignorantiam
475 1534 543 1590 recti
554 1543 580 1589 et
590 1534 737 1591 invidiam.
764 1534 821 1591 Sed
833 1534 910 1608 apud

107 1612 222 1683 priores,
235 1618 265 1665 ut
276 1628 356 1684 agere
367 1619 517 1664 memoratu
528 1608 612 1682 digna
629 1627 747 1681 pronum
762 1610 910 1684 magisque

108 1686 138 1739 in
152 1692 326 1755 oportuerat,
342 1687 380 1739 ita
396 1684 593 1738 celeberrimus
602 1685 724 1756 quiaque
737 1685 862 1758 ingenio,
875 1685 910 1740 ad

107 1758 278 1830 prodendam
288 1760 399 1814 virtutis
411 1759 579 1823 memoriam,
592 1760 652 1813 sine
662 1761 751 1832 gratia
762 1769 809 1816 aut
818 1761 910 1816 ambi-

108 1834 196 1896 tione,
213 1832 300 1886 bonae
315 1840 421 1887 tantum
437 1835 620 1888 conscientiae
639 1836 727 1906 pretio
744 1835 908 1892 ducebatur.

107 1905 148 1962 Ac
162 1906 297 1979 plerique,
314 1924 392 1961 suam
409 1909 464 1980 ipsi
479 1910 564 1964 vitam
578 1926 696 1975 narrare,
713 1907 843 1967 fiduciam
858 1928 911 1985 po-

107 1982 164 2037 tius
178 1998 298 2047 morum,
313 1998 397 2053 quam
412 1982 600 2056 adrogantiam
619 1984 742 2047 arbitrati
756 1995 835 2042 sunt:
858 2003 911 2042 nee

108 2056 138 2112 id
148 2057 251 2113 Rutilio
261 2065 287 2112 et
297 2055 400 2113 Scauro
410 2058 477 2113 citra
490 2057 574 2115 fidem
585 2068 632 2116 aut
641 2060 834 2117 obtrectationi
844 2060 910 2117 iuit.

108 2131 185 2189 Adeo
201 2134 317 2189 virtutes
332 2131 433 2188 iisdem
448 2136 618 2206 temporibus
636 2138 740 2208 optime
760 2138 910 2193 aestiman-

108 2215 166 2272 tur.
192 2208 296 2280 quibus
316 2207 448 2264 facillimo
467 2211 631 2284 gignuntur.
664 2210 699 2267 nt
722 2212 808 2275 mihi.
834 2229 911 2269 nunc

108 2291 249 2339 narraturo
264 2284 348 2340 vitam
364 2283 487 2340 defuncti
502 2285 637 2352 hominia,
660 2288 740 2342 venia
754 2304 826 2359 opus
839 2288 907 2343 tuit:

107 2374 190 2428 quam
206 2376 259 2413 non
274 2359 414 2430 petissem,
426 2360 455 2413 ni
465 2360 641 2417 incusaturus
655 2370 710 2417 tarn
725 2380 807 2417 saeva
823 2371 852 2419 et
865 2365 912 2418 in-

108 2430 176 2486 festa
190 2433 340 2488 virtutibus
354 2442 486 2505 tempora.

163 2526 189 2579 2.
200 2524 341 2599 Legimus,
348 2543 411 2580 cum
422 2526 541 2583 Aruleno
551 2529 663 2584 Rustico
671 2530 906 2598 PactuaThrasca¹

93 2598 238 2658 Herennio
249 2600 403 2663 Senecioni
412 2602 529 2661 Priscus
534 2603 915 2668 uetaidxuaxaunauamo„

84 2677 214 2748 capitale
225 2679 335 2741 inisse:
356 2699 455 2758 noque
465 2682 498 2739 in
506 2681 588 2754 ipeoa
596 2677 684 2733 modo
693 2676 937 2755 auctoreeaped'xo

69 2747 952 2836 librosquoquceorumaacuitumuetegototr'mmw
