1950 3016
10 228 14 375 q
210 226 260 273 DE
280 227 491 277 anausim„
513 231 592 277 GAI’.
611 231 652 277 1¹1.
673 231 714 278 18.
809 226 859 282 255

117 326 159 383 tt.
180 327 316 399 Tegumen
327 330 453 386 omnibus
462 347 568 403 sagum,
581 330 734 398 fibula,aut,
745 333 770 388 si
780 333 857 400 desit,

59 403 140 474 spina
154 411 319 458 consertum:
340 412 425 459 cetera
440 406 529 460 inteoti
543 412 610 461 totos
620 406 677 461 dies
686 408 760 462 iuxta
771 407 858 462 locum

58 477 240 550 atqueignem
250 487 342 551 agunt.
382 480 596 551 Locupletissimi
606 489 679 534 veste
687 481 859 554 distinguun-

59 561 114 617 tur,
125 570 179 608 non
190 551 316 618 lluitante,
332 554 402 609 siout
411 554 544 610 Sarmatae
555 573 586 610 ao
596 556 695 620 Parthi,
711 556 758 610 sed
771 558 859 611 stricta

57 636 85 683 et
94 627 217 700 singulos
231 637 305 682 artus
314 631 487 700 exprimente.
528 629 630 685 Geruut
643 637 668 684 et
677 629 793 684 lerarum
803 630 860 701 pel-

58 704 109 768 les,
126 704 243 774 proximi
257 705 330 774 ripae
344 704 516 777 negligenter,
534 703 670 760 ulteriores
686 706 857 776 exquisitius,

56 786 90 834 ut
98 779 202 850 quibus
211 778 304 832 nullus
314 795 360 849 per
370 780 527 833 commercia
536 779 634 834 cultus.
670 779 859 853 Eliguntleras

57 862 86 909 et
94 854 209 908 detracta
218 853 350 909 velamina
361 862 490 982 spargunt
500 854 613 909 maculis
622 853 793 926 pellibusque
802 854 859 908 bel⁴

57 929 179 994 inarum,
198 945 266 998 quas
286 930 399 984 exterior
441 945 539 983 omnus
558 937 638 1000 atque
654 930 774 1002 ignotum
786 947 859 985 mare

57 1004 158 1078 gignit.
197 1004 251 1057 Neo
273 1001 342 1057 alius
361 1003 468 1057 leminis
487 1021 570 1074 quam
584 1005 652 1058 viris
666 1003 783 1069 habitus,
804 1006 858 1059 nisi

56 1077 134 1151 quod
144 1077 257 1131 feminae
266 1078 373 1148 saepius
383 1077 461 1132 lineis
470 1079 613 1133 amictibus
622 1077 858 1150 velantur,eosque

55 1169 180 1227 purpura
191 1153 301 1216 variant,
313 1159 469 1223 partemque
480 1155 589 1207 vestitus
600 1155 745 1223 superioris
758 1154 787 1209 iu
800 1171 857 1209 ma·

57 1230 135 1285 nicae
144 1244 198 1283 non
207 1226 361 1292 extendunt,
373 1227 461 1281 nudae
470 1227 577 1282 brachia
587 1235 612 1281 et
622 1227 740 1283 lacertos.

116 1380 157 1431 18.
170 1375 222 1431 Sed
231 1384 256 1432 et
264 1376 387 1447 proxima
397 1393 458 1448 pars
468 1377 580 1447 pectoris
591 1384 673 1448 patet:
692 1394 858 1447 quamquam

57 1469 152 1508 severa
172 1451 228 1505 illio
250 1453 432 1506 matrimonia:
458 1469 508 1505 neo
526 1450 609 1505 ullam
630 1470 736 1507 morum
755 1461 857 1523 partem

56 1528 148 1601 magis
157 1524 315 1581 laudaveris.
353 1528 421 1581 Nam
431 1543 513 1598 prope
522 1524 571 1580 soli
581 1527 859 1599 barbarorumsingu-

57 1602 95 1657 lis
110 1602 240 1656 uxoribus
256 1602 369 1656 contenti
384 1609 456 1666 sunt,
472 1603 589 1671 exceptis
599 1601 743 1657 admodum
752 1603 856 1673 paucis,

58 1677 109 1748 qui
124 1693 177 1730 non
191 1674 311 1739 libidine,
327 1675 374 1729 sed
388 1676 422 1730 ob
436 1675 609 1737 nobilitatem,
620 1675 746 1746 plurimis
757 1678 857 1747 nuptiis

57 1751 226 1806 ambiuntur.
265 1751 357 1804 Dotem
373 1768 426 1804 non
436 1768 503 1805 uxor
513 1750 616 1814 marito,
631 1750 678 1804 sed
689 1752 763 1805 uxori
778 1752 858 1806 mari-

57 1834 115 1889 tus,
127 1823 210 1877 oliert.
235 1823 369 1878 intersunt
378 1833 499 1895 parentes
510 1833 534 1878 et
545 1826 699 1896 propinqui,
707 1843 737 1879 ao
747 1843 858 1880 munera

57 1899 182 1973 probant,
204 1916 315 1952 munera
329 1916 382 1954 non
398 1899 431 1953 ad
445 1899 552 1953 delicias
567 1899 712 1954 muliebres
726 1902 856 1971 quaesita,

60 1974 220 2046 neoquibus
231 1990 299 2028 nova
308 1982 390 2044 nupta
400 1983 528 2038 comatur,
539 1973 587 2027 sed
596 1974 678 2029 boves
688 1982 714 2027 et
726 1974 857 2028 frenatum

58 2066 163 2122 equum
181 2054 207 2103 et
225 2057 332 2103 sautum
351 2065 414 2102 cum
437 2047 534 2101 framea
552 2048 704 2121 gladioque.
744 2049 774 2100 lo
794 2047 859 2101 baeo

59 2141 173 2180 munera
188 2141 255 2178 uxor
269 2124 407 2194 accipitur,
427 2130 506 2194 atque
521 2124 636 2177 invicem
652 2124 709 2192 ipsa
723 2137 858 2175 armorum

59 2198 165 2271 aliquid
176 2200 233 2253 viro
242 2198 325 2253 offert.
355 2199 410 2252 Hoc
419 2199 568 2253 maximum
578 2197 729 2260 vinculum,
740 2195 806 2249 haec
817 2213 859 2248 ar-

59 2292 126 2329 cana
145 2290 229 2337 saera,
248 2273 297 2327 bos
319 2272 470 2346 coniugales
486 2274 548 2328 deos
567 2273 736 2327 arbitrantur.
776 2271 815 2323 Ne
829 2287 859 2324 se

60 2349 160 2403 mulier
174 2357 247 2402 extra
260 2349 391 2403 virtutum
405 2349 574 2420 cogitationes
589 2354 716 2415 extraque
727 2344 859 2399 bellorum

61 2441 141 2479 casus
155 2431 238 2494 putet,
255 2424 321 2493 ipsis
337 2423 488 2493 incipientis
503 2420 665 2476 matrimonii
676 2421 803 2490 auspiciis
812 2419 860 2474 ad-

60 2507 199 2563 monetur,
219 2500 309 2552 venire
323 2515 353 2552 se
367 2497 487 2551 laborum
502 2495 734 2567 periculorumque
748 2496 857 2559 sociam,

59 2573 134 2628 idem
148 2573 177 2626 in
188 2588 264 2640 paee,
285 2573 356 2626 idern
370 2573 398 2626 iu
409 2571 509 2643 proelio
519 2587 665 2644 passuram
672 2584 876 2638 exesorumque,

48 2646 203 2696 Hociunotr'
208 2645 302 2712 boves,
315 2648 368 2703 boc
376 2657 493 2719 paratus
503 2667 598 2723 equus
603 2648 671 2716 ,boo
680 2647 748 2705 nau
755 2659 841 2701 arma
846 2638 899 2690 bu-

35 2714 174 2769 nuntiant.
197 2715 247 2775 Sic
258 2721 426 2793 vivendum,
439 2727 711 2803 siopereundumz
731 2723 929 2794 eampum*
