1950 3016
126 196 158 248 ao
362 200 688 249 nrsronrnauir
787 190 919 267 (unam

124 318 155 357 ro
170 299 301 356 coloniam
316 300 558 375 Agripppinensem
577 320 639 357 num
656 302 795 374 equitibus
809 301 921 376 legionis

125 377 381 450 auxiliariorumque
406 380 559 451 ingressus,
584 383 764 446 imperatorem
784 377 922 433 Vitellium

125 451 306 509 consumavit.
345 452 455 507 &eatae
467 453 569 526 ingenti
579 453 722 507 certamine
730 452 852 509 eiusdem
861 470 923 525 pro·

124 528 228 583 vinciae
238 526 368 600 legiones:
390 535 416 581 et
424 530 546 598 superior
554 529 697 593 exercitus,
707 528 836 598 speciosis
845 545 922 583 sena

124 611 168 658 tus
186 603 333 675 populique
346 603 458 656 Romani
477 603 632 656 nominibus
651 602 759 667 relictis,
777 603 821 657 lll.
833 603 922 659 Nonas

124 680 261 733 lanuarias
273 676 379 733 Vitellio
392 677 511 731 accessit
550 676 638 731 Scires
650 677 730 732 illurn
743 681 832 748 priore
841 677 923 735 biduo

124 772 177 809 non
186 771 270 825 penes
277 752 472 822 rempublicam
483 751 576 806 luisse.
616 752 744 807 ardorem
756 755 922 807 exercituum

123 830 344 902 Agrippinenses,
359 827 478 892 Treveri,
496 827 629 901 Lingones
641 827 799 898 aequabant
810 818 921 895 auxilia,

124 922 218 976 equos
233 919 317 966 arma,
333 904 461 972 pecumm
475 901 622 965 offerentes,
638 911 668 956 ut
677 918 794 975 quisque
803 920 921 974 carpam,

124 978 250 1050 opibus(
243 977 475 1049 ingenicvalidus.
511 978 710 1064 Necpr'incipes
720 977 924 1033 modccolonia-
971 1026 973 1033 .

124 1071 185 1107 rum
200 1061 245 1107 aut
259 1061 415 1116 castrorum,
430 1052 534 1123 quibus
547 1053 695 1124 praeseutia
707 1068 742 1106 ex
755 1051 882 1107 adlluenti
897 1058 923 1107 et
971 1048 973 1065 '

124 1135 197 1199 parta
211 1128 320 1182 victoria
339 1144 451 1200 magnae
464 1145 540 1198 spes:
562 1128 609 1182 ssd
629 1127 761 1198 manipuli
774 1133 923 1199 quoquest
971 1138 973 1143 '

124 1203 261 1276 gregarius
277 1201 355 1255 miles
370 1201 465 1256 viatica
478 1210 564 1256 suaet
573 1202 671 1257 balteos
681 1203 868 1274 phalerasque,
880 1204 923 1257 in-

124 1279 211 1351 signia
225 1294 360 1332 armorum
373 1286 482 1349 argento
495 1277 604 1342 decora,
625 1277 681 1332 loco
695 1279 823 1349 pecuniae
836 1277 923 1332 trade-

124 1353 197 1417 bant,
209 1354 336 1407 instinctu
346 1360 371 1406 et
380 1353 636 1422 rnpeurctavarttra

178 1431 221 1484 tta.
241 1429 336 1502 igitur,
349 1427 452 1481 laudata
460 1427 578 1481 militurn
590 1426 729 1490 alacritate,
736 1425 861 1482 Vitellius
870 1427 924 1482 mi-

125 1505 232 1559 nisteria
246 1505 423 1575 principatus
442 1520 490 1573 per
503 1502 609 1557 libertos
619 1519 662 1574 agr
654 1501 786 1567 solitas
779 1519 807 1556 m
819 1505 923 1574 equites

125 1578 256 1635 Romanos
269 1578 400 1665 disponit:
427 1579 575 1632 vacationes
591 1577 792 1633 centurionibus
810 1577 923 1633 exfisco

125 1662 260 1709 numerat:
272 1654 410 1707 saevitiam
421 1651 548 1716 militurn,
560 1651 701 1723 plerosque
710 1651 743 1706 ad
753 1668 866 1722 poenam
876 1670 924 1709 cx·

124 1728 299 1800 poscentium,
311 1728 419 1798 saepius
429 1727 565 1796 adprobet,
575 1728 671 1797 partim
681 1726 853 1782 simulatione
862 1729 924 1783 vin-

125 1803 245 1857 culorum
260 1801 410 1857 frustratam.
451 1802 593 1872 Pompeius
604 1803 782 1873 Propinquus,
796 1819 924 1872 procura-

125 1887 164 1932 tor
182 1878 310 1950 Belgicae,
332 1877 420 1932 statim
440 1876 603 1933 interiectus.
642 1877 741 1932 lulium
759 1877 921 1943 Burdonem,

126 1953 297 2008 Germanicae
312 1951 405 2006 classis
419 1950 596 2021 praelectum,
615 1960 673 2007 astu
686 1952 827 2007 subtraxit.
867 1952 923 2007 Ex-

125 2036 223 2082 arserat
237 2028 265 2081 in
279 2044 341 2081 eum
355 2026 493 2081 iracundia
507 2028 648 2092 exercitus,
670 2037 805 2099 tamquam
820 2027 923 2083 crimea

125 2120 156 2157 ao
174 2120 236 2157 mox
255 2101 367 2155 insidias
387 2102 496 2156 Fonteio
513 2101 633 2173 Capitoni
650 2103 802 2158 struxisset.
843 2103 923 2158 Grata

125 2187 180 2232 erat
198 2176 325 2231 memoria
344 2175 493 2247 Capitonis:
515 2186 540 2230 et
553 2177 625 2247 apud
642 2178 788 2232 saevientes
803 2178 923 2232 occidere

124 2252 222 2325 palam,
234 2253 370 2324 ignoscere
380 2269 433 2305 non
445 2252 496 2306 uisi
510 2250 631 2315 lallando,
647 2252 749 2307 licebat.
789 2253 826 2306 lta
836 2254 865 2307 in
875 2270 924 2306 cu-

125 2327 208 2382 stodia
224 2326 345 2381 habitus:
366 2334 392 2379 et
406 2334 464 2396 post
478 2327 614 2381 victoriam
628 2327 748 2392 demum,
763 2329 853 2382 stratis
869 2329 923 2382 iam

125 2401 241 2455 militum
260 2401 339 2465 odiis,
359 2400 490 2455 dimissus
504 2411 553 2454 est.
592 2403 710 2467 Interim,
731 2411 761 2456 ut
773 2402 921 2474 piactssum

125 2477 247 2532 obiicitur
257 2476 377 2531 centurio
386 2475 537 2546 Crispinus
548 2493 596 2546 qur
605 2493 635 2530 se
647 2495 778 2550 sanguine
787 2478 923 2549 Capitonis

126 2560 319 2607 cruentaverat:
350 2568 435 2623 eoque
454 2560 479 2605 et
496 2550 693 2622 postulantibus
716 2552 879 2609 manifestior
897 2560 924 2607 rs

98 2626 238 2685 ,narranti
247 2626 327 2681 vilior
335 2625 398 2684 [aa.

143 2697 190 2753 59,
212 2697 308 2757 Iulius
321 2703 429 2763 deinde
439 2705 546 2765 Civilis
558 2705 689 2784 periculo
701 2708 952 2772 exemllffiav‘*
