1950 3016
130 186 181 241 2⁹8
370 190 398 235 c.
418 189 531 236 cons.
551 187 689 236 raom
739 176 932 254 (nomnen)

130 300 213 349 onum
223 299 249 345 et
262 292 429 362 possessione
437 290 599 345 dubitatum.
639 291 687 354 lta,
698 306 763 344 cnm
771 289 871 344 &mna
884 289 933 345 da-

130 368 202 423 mnis
216 369 441 430 continuarentur,
457 374 537 438 atque
549 365 640 420 omnis
653 382 742 419 annus
754 365 897 419 lunuibus
905 373 933 421 et

129 442 252 496 cladibus
266 442 449 514 insigniretur,
466 441 623 512 poscebatur
635 457 681 495 ore
696 439 773 513 vulgi
784 440 843 495 dux
852 438 932 513 Agri-

129 516 196 582 cola,
217 516 433 588 comparantibus
447 517 551 570 cunctis
565 516 694 588 vigorem,
715 516 891 569 constantiam
906 522 932 570 et

129 600 268 663 expertum
284 591 362 646 bellis
378 592 510 653 animum,
521 608 584 644 cum
594 591 688 645 inertis
700 598 725 644 et
734 589 932 644 tormidinece-

130 675 256 722 terorum.
296 666 402 732 Quibus
414 666 584 720 sermonibus
597 668 662 719 satis
676 671 778 719 mnstat
787 664 931 719 Domitiani

129 758 239 814 qnoque
251 758 330 795 aures
341 741 499 804 verberatas,
516 740 583 795 dum
592 742 711 811 optimus
720 741 840 812 quisque
850 739 932 794 liber-

130 825 217 872 torum
228 833 317 871 amore
325 825 351 870 et
361 815 422 880 lida,
433 816 544 886 pessimi
555 815 719 888 malignitate
727 823 754 868 et
764 814 857 878 livore,
870 832 931 886 pro-

131 909 197 946 uum
207 891 381 945 deterioribus
391 892 538 961 principem
550 889 766 944 exstimulabant.
796 888 842 944 Sic
851 891 931 964 Agri·

129 966 185 1020 cola
205 964 287 1018 simul
307 967 365 1017 suis
384 966 540 1029 virtutibus,
559 964 642 1018 simul
663 965 736 1020 vitiis
755 963 881 1029 aliorum,
901 966 929 1018 in

129 1041 216 1110 ipsam
227 1038 339 1111 gloriam
350 1056 474 1109 praeceps
483 1039 619 1112 agebatur.

185 1115 227 1167 tt.
247 1113 344 1168 Aderat
358 1115 411 1167 iam
425 1131 523 1178 annus,
548 1132 603 1186 quc
618 1112 834 1186 proconsulatum
850 1112 930 1169 Asiae

129 1195 155 1243 et
168 1187 272 1242 Africae
286 1190 433 1252 sortiretur,
449 1199 474 1243 et
486 1191 573 1244 occiso
583 1189 673 1244 Civica
683 1206 778 1260 nuper,
791 1206 840 1244 nec
850 1189 930 1262 Agri-

64 1272 67 1277 '
129 1263 201 1319 colae
211 1262 353 1318 consilium
363 1264 460 1327 deerat,
472 1282 520 1318 nec
530 1265 678 1319 Domitiano
686 1263 853 1334 exemplum.
879 1264 930 1318 Ac-

129 1356 232 1394 cessere
240 1340 352 1411 quidam
362 1341 550 1411 cogitationum
561 1340 690 1410 principis
701 1339 789 1409 periti,
804 1340 866 1410 qui,
878 1340 930 1395 itu·

128 1432 212 1469 rusne
225 1422 294 1468 esset
306 1415 334 1468 in
350 1415 524 1484 provinciam,
539 1413 609 1469 ultro
624 1413 773 1486 Agricolam
783 1414 930 1487 interroga-

129 1497 197 1544 rent.
236 1490 275 1543 Ac
293 1490 381 1559 primo
393 1489 524 1544 occrrltios
537 1492 655 1560 quietem
674 1495 700 1542 et
712 1490 798 1542 otium
810 1487 927 1554 laudaro,

129 1582 192 1618 mox
205 1580 313 1634 operam
328 1582 404 1617 suam
420 1564 448 1618 in
463 1564 632 1635 adprobanda
641 1563 812 1618 excusatione
819 1563 927 1618 offerre:

128 1648 262 1709 postremo
276 1655 329 1693 non
344 1639 396 1691 iarn
413 1639 529 1702 obscuri,
544 1638 686 1693 suadentes
695 1637 778 1691 simul
789 1645 929 1693 terrentes·

128 1729 192 1783 que,
204 1721 354 1782 pertraxere
364 1713 396 1767 ad
406 1714 596 1767 Domitianum.
635 1712 689 1778 Qui
698 1720 807 1783 paratus
817 1713 928 1769 simula-

129 1787 203 1849 tioni,
224 1787 252 1840 in
264 1787 444 1858 adrogantiam
455 1789 627 1859 compositus,
648 1795 673 1842 et
685 1786 771 1841 audiit
780 1803 875 1858 preces
884 1805 928 1843 ex·

128 1861 297 1925 cusantis,et,
309 1879 370 1915 cum
381 1861 527 1924 adnuisset,
539 1864 583 1935 agi
592 1863 645 1916 sibi
655 1863 754 1934 gratias
764 1878 864 1932 puseus
873 1871 925 1918 est:

128 1952 178 1989 nec
192 1935 299 1989 erubuit
314 1935 434 1990 beneficii
450 1937 560 1992 invidia.
600 1935 732 1991 Salarium
747 1945 847 2002 umen,
868 1955 928 2010 pro-

127 2010 261 2066 consulari
276 2011 385 2065 selitum
398 2011 496 2075 ollerri,
517 2020 543 2065 et
555 2011 718 2083 quibusdam
731 2028 786 2065 ase
796 2013 857 2083 ipsc
866 2031 927 2068 con-

127 2103 245 2150 cessum,
266 2085 403 2158 Agricolae
418 2104 470 2140 noo
483 2086 569 2154 dedit;
590 2088 649 2141 sive
661 2086 778 2141 offensus
794 2105 847 2142 non
862 2088 928 2159 peti-

128 2169 196 2225 tum,
213 2161 272 2215 sive
287 2177 321 2215 ex
334 2161 503 2226 conscientia,
518 2178 560 2225 ns,
571 2161 644 2231 quod
655 2169 781 2223 vetuerat,
793 2162 927 2217 videretur

128 2237 235 2290 emisso.
277 2237 416 2306 Proprium
431 2236 543 2290 humani
557 2236 659 2308 ingenii
674 2244 723 2300 ast,
734 2236 835 2301 odisse,
846 2254 926 2309 quem

129 2309 251 2365 laeseris:
273 2311 414 2365 Domitiani
428 2328 491 2365 vero
506 2319 598 2364 natura
612 2328 738 2381 praeceps
754 2312 780 2365 in
792 2313 873 2375 iram,
893 2320 925 2375 et.

128 2403 183 2457 quc
201 2385 347 2450 obscurior,
368 2403 399 2440 eo
419 2385 627 2449 inrevocabilicr,
648 2385 827 2441 moderatione
840 2396 926 2443 tamen

128 2460 322 2531 prudentiaque
341 2461 477 2532 Agricolae
499 2460 658 2515 leniebatur:
689 2463 753 2532 quia
767 2478 821 2517 nou
835 2472 927 2518 contu·

120 2536 219 2600 macia,
236 2552 327 2609 neque
341 2536 415 2592 inani
424 2538 560 2592 iactatione
571 2535 708 2600 libertatis,
720 2535 820 2592 lamam
831 2537 927 2593 latum·

107 2614 355 2684 quaprovocabat.
400 2613 505 2681 Sciant,
519 2611 928 2688 quibusmor'isest'mlxc‘oami-

93 2688 165 2755 rari,
185 2708 278 2764 possa
295 2696 386 2754 etiam
401 2695 459 2755 snb
474 2691 562 2751 malis
574 2684 753 2762 principibus
759 2683 950 2750 mmm
