1950 3016
119 188 168 242 tet
358 191 682 240 micronianum
781 179 915 255 (nnnc

117 291 286 365 opera,haud
296 292 388 366 procul
398 297 491 351 castris
500 295 529 349 in
540 293 650 350 modum
660 290 802 362 municipii
812 298 919 346 exstru-

117 379 168 433 cta,
180 386 213 422 ne
223 368 345 424 hostibus
355 372 418 425 usui
430 369 523 425 lerant.
562 369 613 424 Sed
624 384 719 440 parum
729 367 919 438 pmvisum,ut

117 445 207 515 copiae
221 447 249 498 in
263 453 348 498 costra
364 445 587 500 conveherentur:
613 445 670 514 rapi
686 443 841 514 permisere.
882 441 919 495 lts

117 523 211 590 paucis
225 519 322 574 diebus
336 537 384 591 per
397 520 529 574 licentiam
545 519 687 589 absumpta
702 525 775 583 sunt,
791 532 864 589 quae
873 515 920 571 sd-

117 611 214 648 versus
232 596 401 650 necessitates
419 599 448 649 in
469 594 579 667 longum
594 593 771 648 suffecissent.
812 588 917 656 Civilis,

118 669 238 723 medium
248 686 344 743 agmen
352 668 921 731 cumrobereBatavorumobtinens,utmm-

118 760 172 816 que
184 745 267 798 Rheni
285 747 382 815 ripam,
398 761 452 816 quo
462 744 635 799 truculentior
647 745 709 798 visu
720 741 794 806 loret,
807 741 920 797 Germe·

118 837 213 873 norum
223 822 336 874 catervis
345 819 469 890 complet,
484 818 633 873 adsultante
642 834 690 890 per
699 834 808 888 campos
818 818 918 889 equite.

117 893 204 948 Simul
225 910 306 948 naves
325 895 354 948 in
373 894 515 951 adversum
536 911 642 948 amnem
656 893 812 966 agebantur.
851 893 921 946 lline

117 978 303 1024 veteranarum
317 969 467 1023 cohortium
481 970 568 1042 signa,
584 968 648 1022 inde
660 968 833 1039 depromptae
841 966 920 1021 silvis

117 1042 220 1097 lucisve
231 1043 346 1097 terarum
357 1045 499 1116 imagines,
514 1051 543 1097 ut
552 1044 651 1115 cuique
660 1043 733 1117 genti
741 1042 812 1096 inire
822 1041 922 1113 proeli·

117 1136 165 1172 um
180 1136 238 1172 mos
253 1126 302 1183 est,
316 1119 399 1173 mixta
408 1118 472 1173 belli
483 1117 571 1173 civilis
584 1119 742 1190 externique
751 1116 921 1171 lacieobstu-

117 1191 265 1264 peleoerant
275 1193 408 1249 obsessos.
448 1193 482 1248 lit
495 1210 571 1264 spem
581 1192 795 1266 oppugnantium
806 1191 921 1265 augebat

118 1267 265 1339 amplitudo
278 1268 352 1333 valli,
375 1267 458 1343 quod,
479 1268 585 1324 duabus
600 1268 750 1341 legionibus
764 1267 858 1331 situm,
872 1266 921 1321 vix

118 1343 343 1415 quinquemillia
364 1353 525 1399 armatorum
544 1343 696 1398 tuebantur.
737 1340 788 1395 Sed
802 1341 920 1397 lixarum

118 1417 269 1486 multitudo,
282 1420 385 1475 turbata
395 1418 709 1492 paceillucoongregata‚
723 1424 750 1470 et
758 1416 828 1472 bello
838 1417 921 1471 mini-

117 1494 278 1548 straaderat.

172 1572 215 1624 23.
236 1569 300 1622 Pars
314 1574 472 1632 casborum,
492 1568 522 1622 in
538 1564 633 1621 collem
648 1564 743 1620 leniter
755 1580 918 1639 exsurgens3

116 1658 179 1714 pars
193 1657 280 1714 aequo
293 1642 424 1696 adibatur.
463 1639 580 1713 Quippe,
598 1640 652 1695 illis
667 1641 788 1696 hibernis
801 1640 919 1696 obsideri

116 1720 259 1790 premique
267 1716 434 1780 manias,
446 1713 585 1789 Augustus
594 1714 748 1780 crediderat,
770 1730 920 1787 nequeun-

117 1806 200 1863 quam
217 1791 245 1844 id
260 1789 403 1854 malorum,
419 1797 448 1844 nt
458 1799 643 1863 oppugnatum
656 1789 727 1845 ultro
740 1789 860 1863 legiones
872 1806 921 1845 no·

117 1873 185 1921 strae
195 1866 325 1920 venirent.
358 1864 649 1937 lndenonloconeque
659 1864 920 1920 munimentislabcr

116 1940 237 1995 additus:
258 1938 651 2011 visetarmasatisplacebant.
673 1940 920 1995 Ratavl'lbansrbe-

117 2016 250 2086 nonique,
266 2031 322 2086 quo
334 2013 447 2068 discreta
462 2016 549 2069 virtus
562 2014 730 2070 manifestius
745 2021 917 2086 spectaretur,

116 2091 298 2162 sibiquneque
307 2106 375 2162 gens
384 2091 542 2155 consistunt,
548 2091 656 2144 eminus
667 2089 834 2144 lacessentes.
847 2090 917 2154 Post,

117 2166 165 2220 ubi
177 2165 304 2237 pleraque
314 2164 426 2219 telorum
436 2165 557 2219 turribus
567 2166 714 2235 pinnisque
727 2165 866 2219 moenium
876 2166 920 2219 in·

117 2242 166 2294 rita
177 2239 327 2304 haerebant,
334 2247 360 2297 et
368 2238 483 2311 desuper
493 2241 566 2293 saxis
576 2237 793 2305 vulnerabantur,
804 2239 920 2294 clamore

117 2324 197 2386 atque
206 2318 298 2386 inpetu
309 2315 430 2369 invasere
440 2314 552 2379 vallum,
559 2313 686 2384 adpositis
696 2313 819 2386 plerique
827 2314 917 2380 scalis,

117 2389 162 2444 alii
172 2408 220 2461 per
229 2388 388 2444 testudineis
400 2406 520 2445 suonam.
560 2387 780 2461 scandebantque
791 2391 846 2444 iam
856 2390 920 2461 qui-

116 2465 189 2529 dam,
210 2483 283 2526 cum,
303 2464 401 2536 gladiis
420 2473 446 2518 et
462 2479 597 2518 armorum
616 2464 727 2518 incussu
742 2465 917 2536 praecipitati,

111 2540 231 2594 sudibus
244 2548 271 2594 et
279 2539 347 2611 pilis
361 2538 522 2604 obruirntnr,
538 2537 700 2610 praeleroces
713 2539 791 2593 initio
802 2549 828 2594 et
837 2539 918 2593 rebus

94 2614 230 2668 secundis
249 2617 343 2673 nimii.
384 2615 440 2675 Sed
460 2625 520 2674 tum
541 2614 659 2690 praedae
673 2612 801 2685 cupidine
814 2614 928 2666 adversa

78 2698 200 2757 q⁰⁰9110
219 2692 391 2756 toleatant.
436 2696 589 2758 Machines
603 2695 704 2758 eliam,
718 2685 869 2747 insolitum
876 2684 946 2742 dms
