1950 3016
259 108 465 157 niunoous.
485 110 565 159 cen.
585 111 629 159 ee.
648 106 691 161 to.
825 108 875 165 att

75 207 140 265 lisso
153 207 227 263 seed
237 207 265 263 id
274 208 379 265 dioendi
388 226 475 282 genus
484 210 622 276 ooatendo,
632 210 682 267 sed
690 210 790 269 iuditio
798 221 824 269 et
833 214 877 269 iu-

75 282 191 339 tellectu.
230 282 304 339 Vidit
316 301 443 357 namque,
458 293 488 341 ut
502 285 593 357 paullo
602 293 662 340 ante
670 285 801 352 diosbam,
813 306 875 344 eum

75 357 226 415 mnditioue
246 365 397 429 temporum
416 376 447 413 ao
464 360 618 415 diversitate
636 361 744 417 aurium
763 360 876 419 formam

74 449 185 506 quoque
200 449 231 486 ao
246 433 364 505 speeiem
377 434 503 490 orationis
515 452 575 491 esse
584 434 749 491 mutandum.
788 436 876 493 Facile

73 506 223 581 perferebat
235 508 308 578 prior
321 506 368 562 ille
381 509 508 581 populus,
520 518 551 565 ut
560 510 693 582 inperitus
702 509 823 574 sirudis,
834 512 877 566 in·

73 582 305 656 peditissimarum
314 583 464 639 orationum
474 585 573 656 spatia:
590 593 671 656 utque
680 584 709 639 id
718 585 809 656 ipsum
820 583 878 639 lau·

74 659 103 715 di
118 656 241 722 dabatur,
261 657 284 711 si
299 657 411 715 dioendo
422 660 486 730 quis
495 658 567 714 diem
576 660 713 715 eximeret.
753 660 805 717 Ista
815 677 878 715 vero

74 732 155 806 longa
164 731 358 805 principiorum
368 735 531 805 praeparatio
540 743 565 789 et
575 734 733 789 narrationis
741 733 794 789 alte
801 751 878 806 rspe-

74 808 123 863 tita
137 807 220 863 series
236 814 262 861 et
275 805 421 863 mulierum
435 808 600 865 divisionum
615 809 754 865 ostentatio
767 816 793 865 et
803 808 877 865 mille

75 889 296 955 argumentorum
310 881 420 955 gradus,
441 891 467 937 et
484 883 616 955 quioquid
628 883 703 939 aliud
716 883 877 939 aridissimis

74 958 253 1029 Hermagorae
262 963 288 1011 et
296 955 448 1028 Apollodori
458 956 534 1013 libris
544 959 715 1030 praecipitur,
735 959 764 1013 in
778 958 877 1015 honore

76 1040 146 1087 eret:
160 1031 226 1096 et‚si
236 1031 299 1105 quis
308 1031 432 1087 odoratus
441 1031 637 1104 philosophiam
648 1033 877 1105 rideretur‚atque

76 1123 151 1163 exea
160 1105 248 1161 loeum
258 1105 377 1177 aliquem
385 1107 497 1162 orationi
507 1125 572 1162 auae
581 1108 718 1173 insereret,
733 1109 762 1164 in
772 1108 876 1165 eoelum

75 1180 204 1239 laudibus
224 1179 365 1235 ferebatur.
404 1182 459 1235 Neo
478 1182 595 1237 mirum:
625 1189 700 1236 erant
719 1183 792 1239 enim
812 1182 878 1239 haeo

75 1273 148 1315 nova
162 1263 188 1311 et
201 1254 348 1328 incognita:
369 1262 394 1311 et
408 1255 530 1326 ipsorum
544 1273 653 1327 quoque
665 1263 799 1311 oratorum
809 1274 877 1327 psu-

76 1330 182 1389 cissimi
195 1337 333 1401 praecepta
343 1328 480 1385 rhetorum
493 1339 539 1385 aut
548 1330 769 1401 philosophorum
782 1329 878 1400 placita

75 1413 263 1481 eognoverant
302 1403 337 1461 ht
355 1403 468 1459 Hercule
486 1404 652 1477 pervulgatis
666 1406 720 1459 iam
739 1405 875 1469 omnibus.

76 1498 142 1539 oum
156 1480 205 1536 vix
217 1481 246 1536 in
260 1496 355 1535 corona
364 1478 510 1551 quisquam
521 1479 639 1547 adsistat,
661 1479 729 1550 quin
739 1478 878 1535 elementis

76 1554 239 1620 studiorum,
251 1556 301 1611 atsi
310 1571 363 1610 uon
373 1556 530 1619 instructus,
541 1563 568 1609 at
576 1562 646 1609 oerte
655 1553 766 1609 inbutus
776 1554 819 1619 sit¹
829 1571 879 1609 no-.

78 1632 121 1688 vis
135 1638 162 1686 et
175 1630 318 1702 exquisitis
332 1629 497 1701 eloquentiae
511 1629 653 1685 itineribus
672 1645 740 1699 opus
760 1636 810 1694 est,
832 1646 878 1700 per

77 1721 148 1779 quse
157 1712 242 1760 orator
252 1703 389 1759 festidium
399 1705 505 1759 aurium
516 1704 633 1777 effugiat,
648 1705 742 1776 utique
751 1703 823 1775 apud
833 1721 878 1759 eos

76 1780 192 1844 iudices,
203 1780 252 1852 qui
265 1780 292 1835 vi
302 1787 328 1835 et
336 1787 472 1850 potestate,
488 1797 541 1835 non
552 1780 609 1835 iure
618 1788 645 1835 et
653 1778 768 1852 legibus,
780 1797 878 1853 eogno-

77 1861 172 1918 seunt‚
188 1862 213 1909 et
227 1871 276 1908 neo
285 1854 419 1924 accipiunt
428 1862 555 1925 temporo,
577 1855 624 1909 sed
634 1856 807 1919 constituunt,
829 1872 878 1909 nee

78 1929 286 2001 exspectandum
301 1928 400 1989 habent
411 1937 550 1995 oratorem,
561 1930 626 1986 dum
637 1928 677 1986 illi
688 1928 768 1985 libeat
777 1929 810 1982 de
819 1930 878 1998 ipso

77 2005 184 2078 negotio
202 2004 299 2069 dicere,
320 2002 464 2074 sedsaepe
483 2003 553 2059 ultro
572 2005 715 2061 admonent
733 2010 814 2074 atque
827 2003 878 2057 alio

78 2080 316 2152 transgredientem
326 2086 448 2136 remeant
457 2086 482 2133 et
490 2077 616 2134 festinare
625 2095 655 2133 se
664 2084 802 2133 testantur.

134 2157 177 2212 tt.
198 2152 265 2220 Quis
276 2170 348 2209 nunc
358 2151 423 2209 leret
431 2161 560 2211 oratorem
570 2152 766 2209 dainiirmiteta
776 2149 879 2206 valetu-

78 2229 152 2285 dinis
161 2246 225 2285 suae
234 2225 415 2299 praelantem‘l
432 2227 523 2300 qualia
535 2235 599 2285 sunt
609 2225 663 2281 iere
671 2225 804 2297 principia
815 2224 879 2281 Cor-

78 2304 146 2361 vini.
186 2302 254 2370 Quis
277 2303 400 2375 quinque
422 2303 450 2359 iu
470 2303 579 2357 Verrem
599 2301 681 2355 libros
700 2298 880 2371 exspectabit?

80 2379 149 2447 Quis
162 2377 196 2432 de
208 2377 361 2448 exceptione
373 2385 398 2433 ot
407 2376 520 2437 formula
530 2377 691 2447 perpetietur
700 2373 747 2429 illa
758 2377 879 2429 inmensa

78 2453 227 2516 volumina,
239 2467 308 2522 quae
320 2467 368 2521 pro
377 2452 414 2506 M.
425 2451 513 2507 Tullio
523 2458 569 2505 sut
578 2449 610 2507 d.
623 2450 735 2507 Caecina
746 2447 880 2521 legimus?

78 2526 229 2585 Praecurrit
237 2525 287 2580 hoc
297 2532 413 2598 temporo
422 2525 507 2583 iudex
516 2524 655 2589 dicentem
662 2524 904 2591 sedissemus-

66 2607 349 2674 energumenorum,
366 2609 415 2663 aut
430 2601 525 2663 oolore
534 2593 932 2666 sententiarummetffi*
