1950 3016
119 194 166 246 ⁴56
356 196 679 245 ursuourunurr
779 188 915 262 (numa

116 301 145 356 iu
159 298 288 371 palatium
302 297 388 353 rediit.
427 299 601 354 Praevenerat
614 316 716 365 rumor,
730 299 830 353 eiurari
842 299 876 353 ab
885 316 918 354 eo

115 374 276 444 imperium:
299 376 494 446 scripseratque
512 374 623 429 Flavius
636 372 752 428 Sabinus
766 374 917 429 cohortium

115 449 241 513 tribunis,
253 456 284 502 ut
292 449 406 503 militem
418 449 580 504 cohiberent.

171 527 213 578 69.
234 524 327 596 Igitur,
343 531 479 595 tamquam
493 524 581 577 omnis
591 522 742 593 respublica
752 522 919 592 invespesi·

116 600 160 652 aui
170 600 262 652 sinum
272 599 404 662 cessisset,
411 599 540 669 primores
551 605 659 652 senatus
668 607 694 651 et
702 598 824 669 plerique
834 613 919 669 eque-

116 675 179 728 stris
188 673 290 728 ordinis
300 673 443 743 omnisque
452 672 529 726 miles
538 672 659 726 urbanus
669 672 795 745 atvigilee
804 671 916 727 domum

116 748 203 802 Flavii
213 747 306 802 Sabini
315 746 488 817 complevere.
519 746 585 800 Illuc
594 747 627 800 de
635 747 734 802 studiis
744 746 819 818 vulgi
829 756 855 800 et
864 747 918 800 mi-

116 825 159 878 nis
170 823 388 877 Germanicarum
402 821 550 876 cohortium
565 819 690 876 adfertur.
730 821 850 893 Longius
862 822 917 875 iam

116 912 274 970 progressus
288 902 352 959 erat,
368 912 450 965 quam
465 902 496 949 ut
505 895 609 968 regredi
619 903 722 965 posset:
743 904 770 950 et
779 913 829 949 suo
839 896 919 966 quie-

116 989 170 1044 que
180 979 262 1034 metu,
275 986 308 1022 ne
317 969 450 1032 disiectos,
461 986 546 1040 eoque
556 971 647 1024 miuus
658 969 768 1032 validos,
780 969 916 1025 Vitelliani

116 1051 338 1107 consectarentur,
349 1051 516 1097 cunctantem
527 1045 556 1098 iu
566 1062 640 1098 arma
649 1044 820 1115 inpellebaut.
851 1043 914 1109 Sed¹

116 1118 189 1191 quod
201 1118 230 1171 iu
244 1117 375 1172 eiusmodi
386 1119 466 1174 rebus
476 1119 580 1183 accidit,
591 1119 734 1174 consilium
745 1119 778 1172 ab
788 1119 917 1174 omuibus

114 1194 208 1249 datum
221 1200 270 1256 eet,
286 1193 436 1264 periculum
451 1195 530 1265 pauci
544 1210 693 1264 sumpsere.
733 1193 808 1249 Circa
826 1192 917 1247 lucum

116 1266 251 1332 Fundani,
261 1267 493 1333 descendentibus,
508 1269 557 1339 qui
567 1267 697 1322 Sabinum
710 1268 915 1329 comitabantur.

116 1344 376 1398 armatieoocurrunt
385 1344 580 1414 promptissimi
589 1342 800 1398 Vitellianorum.
830 1342 919 1397 Modi-

116 1435 179 1473 eum
193 1418 231 1472 ibi
243 1416 385 1489 proelium,
401 1418 538 1488 inproviso
551 1417 679 1482 tumultu,
696 1417 744 1472 sed
756 1432 917 1488 prosperum

114 1492 264 1549 Vitellianis
275 1491 334 1548 luit.
363 1492 491 1557 Sabinus,
503 1509 532 1546 re
542 1491 652 1562 trepida,
663 1492 738 1563 quod
747 1493 916 1547 tutissimum

115 1568 338 1638 marcentibus,
354 1584 442 1621 aroem
455 1565 578 1636 Capitolii
592 1566 690 1620 insedit
702 1567 787 1621 mixto
795 1567 918 1622 militeet

115 1642 279 1713 quibusdam
293 1648 444 1695 senatorum
459 1641 650 1712 equitumque:
672 1658 789 1712 quorum
806 1643 917 1697 uomina

114 1715 217 1770 madere
226 1715 298 1769 baud
307 1722 461 1785 promptum
470 1722 520 1779 est,
531 1717 668 1786 quoniam,
682 1717 779 1771 victore
788 1717 918 1788 Vespasi-

115 1805 175 1854 ano,
192 1788 271 1844 multi
284 1789 313 1843 id
327 1791 453 1844 meritum
466 1805 528 1861 erga
536 1798 624 1861 partes
633 1789 805 1846 simulavere.
844 1790 918 1846 Sub-

115 1865 204 1918 ieruut
222 1863 357 1917 obsidium
376 1865 458 1917 etiam
477 1863 605 1932 feminam
630 1865 699 1919 inter
714 1882 781 1936 quas
796 1867 917 1921 maxime

114 1937 230 2010 insignis
236 1936 367 1992 Verulana
373 1937 493 2003 Gratilla,
503 1956 590 2010 neque
600 1938 697 1994 liberos
708 1957 795 2011 nequa
805 1941 918 2011 propiu-

115 2030 193 2084 quoe‚
214 2012 262 2067 sed
280 2011 392 2077 bellum,
413 2020 511 2068 secuta.
550 2012 711 2069 Vitellianus
723 2014 801 2069 miles
811 2015 921 2070 socordi

114 2087 233 2142 custodia
253 2087 357 2142 clausos
376 2087 563 2155 circumdedit;
588 2106 674 2160 eoque
691 2089 820 2144 concubia
840 2098 918 2144 nocta

115 2180 178 2217 suos
193 2162 290 2216 liberos
305 2161 421 2216 Sabinus
434 2171 461 2216 et
474 2164 664 2228 Domitianum,
676 2162 765 2218 fratris
776 2164 875 2229 lilium,
886 2166 916 2220 in

114 2237 274 2307 Capitolium
295 2237 403 2293 accivit:
425 2239 508 2292 misso
522 2255 569 2309 per
583 2238 700 2310 neglecta
718 2239 752 2292 ad
771 2238 915 2294 Flavianos

114 2312 196 2366 duces
210 2314 314 2376 nuntio,
328 2313 388 2382 qui,
404 2317 583 2366 oireuuutdert
591 2317 669 2379 ipsos,
682 2322 714 2375 et,
725 2318 754 2366 nt
762 2317 918 2368 subuenire·

116 2395 167 2449 tur,
179 2397 268 2442 arctos
280 2404 323 2441 rer
337 2387 479 2440 nuntiaret.
519 2387 627 2440 Noctem
644 2387 708 2455 adeo
719 2389 839 2458 quietam
849 2389 915 2460 egit,

114 2469 144 2514 ut
162 2461 270 2534 degredi
288 2463 347 2515 sina
367 2477 434 2514 uoxa
448 2461 577 2531 potuerit:
598 2462 701 2531 quippe
713 2461 791 2516 miles
802 2461 914 2528 Vitellii,

109 2535 243 2589 adversus
248 2534 369 2607 pericula
380 2534 464 2600 ferox,
474 2534 609 2590 laboribus
618 2543 644 2588 et
653 2535 755 2608 vigiliis
766 2553 862 2607 parum
871 2539 916 2592 iu·

90 2611 186 2660 tentus
198 2619 272 2665 eret:
294 2621 323 2667 et
335 2611 474 2670 hibernus
488 2610 591 2678 imber,
604 2619 716 2685 repente
727 2610 821 2674 lusus,
831 2611 923 2664 umbos

71 2687 223 2749 ‘umque
233 2685 414 2749 inpediebat.
