1950 3016
85 194 223 274 (nuru.)
260 205 470 255 scnrcons.
491 207 569 255 cer.
589 208 713 255 ss-ss.
835 203 885 256 ‘ree

86 326 160 365 esse:
180 307 396 378 obsequiumque
410 324 441 361 ac
453 308 621 374 modestiam,
632 309 657 363 si
666 309 796 366 industrio
806 328 836 366 sc
846 312 887 365 vi·

84 402 135 458 gor
148 382 246 446 adsint,
262 399 293 436 eo
307 381 395 435 leudis
408 383 544 448 excedere,
555 400 610 454 quo
618 383 740 456 plerique
749 403 796 456 per
806 387 887 440 abru-

86 468 141 530 pls,
157 457 248 511 sedin
263 456 370 511 nullum
380 457 542 528 reipublicae
552 476 643 524 usum,
654 460 794 515 ambitiosa
804 470 887 515 morte

85 532 279 588 inclaruerunt.

144 610 186 662 te.
207 607 283 661 Finis
293 607 362 661 vitae
371 607 431 663 eius
440 608 518 663 nobis
528 606 676 674 luctuosus,
687 610 782 664 amicis
792 611 886 674 tristis,

86 683 220 739 extraneis
229 682 309 735 etiem
319 682 471 754 ignotisque
480 700 533 737 nou
544 684 602 738 sine
612 701 676 739 cura
687 683 746 739 luit.
782 683 888 756 Vulgus

87 773 206 829 quoque,
228 765 253 811 et
268 756 313 810 bic
325 755 399 810 aliud
410 775 492 830 agens
502 757 629 829 populus,
649 765 675 813 et
685 759 847 813 ventitavere
855 758 889 813 ad

86 833 209 896 (limum,
230 838 257 884 et
268 847 316 901 per
330 828 385 885 lora
398 841 423 886 st
436 833 549 887 circulos
563 832 642 888 locuti
656 842 733 888 saint:
754 834 889 905 necquis·

87 924 182 980 quam,
194 905 283 959 sudita
291 913 376 959 morte
387 904 533 979 Agricolae,
545 917 590 962 out
601 907 712 963 laetatus
721 916 771 972 est,
779 917 826 963 aut
835 917 888 962 sta-

89 984 138 1043 tim
147 979 257 1037 oblitus.
297 979 420 1052 Augebat
432 983 631 1037 miserationem
647 992 771 1039 constans
785 1001 887 1048 rumor,

89 1074 192 1113 veneno
204 1057 390 1126 interceptum.
430 1057 514 1111 Nobis
527 1057 595 1112 nibil
609 1059 737 1129 comperti
749 1058 890 1113 adfirmare

88 1133 192 1187 ausim:
214 1138 330 1185 cetarum
340 1148 506 1201 peromnem
517 1133 696 1188 valetudinem
706 1135 775 1199 eius,
789 1135 890 1188 crebri-

88 1225 123 1263 us
132 1223 216 1278 quarn
231 1222 265 1260 ex
278 1222 352 1261 more
360 1208 536 1277 principatus,
552 1224 599 1278 per
613 1210 720 1262 nuntios
731 1209 843 1262 neentis
864 1216 890 1261 ct

88 1282 245 1337 libertorum
264 1281 356 1350 primi,
377 1290 402 1335 et
422 1282 586 1336 medicorum
601 1283 688 1336 intimi
701 1299 810 1336 venere:
832 1283 890 1337 sive

88 1374 154 1413 eura
163 1355 243 1420 illud,
255 1355 314 1409 sive
323 1356 464 1426 inquisitio
473 1364 536 1411 erat.
576 1355 706 1426 Supremo
715 1356 824 1426 quidem
835 1356 887 1420 dic,

89 1438 224 1487 momenta
241 1429 388 1485 deficientis
406 1447 454 1501 per
473 1430 616 1500 dispositos
634 1447 756 1485 cursores
770 1431 889 1484 nuntiate

88 1506 234 1570 consutio,
243 1503 319 1559 nullo
328 1504 506 1569 credente‚sic
515 1505 740 1575 accelerari‚quae
750 1506 832 1559 tristis
842 1522 891 1559 su-

88 1583 167 1637 diret.
207 1577 328 1650 Ερεοίοιη
341 1588 429 1635 tamsu
438 1579 538 1636 doloris
547 1581 637 1635 animo
647 1579 780 1651 vultuque
789 1596 891 1650 praese

90 1656 281 1721 tulit‚securus
289 1655 343 1709 iam
352 1654 449 1720 cdii,et
459 1656 508 1725 qui
518 1653 623 1709 facilius
632 1653 815 1709 dissimularet
823 1671 892 1727 gau-

88 1732 178 1794 dium,
188 1747 271 1801 quam
282 1737 394 1785 metum.
433 1729 503 1786 Satis
511 1731 656 1795 constabat,
672 1729 738 1785 lecto
749 1738 891 1784 testamen-

91 1815 117 1861 to
125 1803 335 1878 Agricolaeque
344 1805 499 1860 coheredem
509 1806 708 1876 optimaauxcri
718 1814 743 1859 et
753 1806 891 1877 piissimae

90 1880 161 1935 liliae
172 1880 351 1933 Domitianum
362 1881 478 1951 scripsit,
491 1879 614 1935 laetatum
625 1898 698 1945 eum,
710 1880 783 1936 velut
792 1881 891 1936 bonore

89 1955 254 2026 iudicioque.
294 1955 360 2009 Tam
384 1972 460 2010 reeca
483 1963 509 2011 et
527 1963 654 2027 conrupta
674 1973 751 2011 mens
770 1955 890 2010 adsiduis

90 2029 290 2085 adulationibus
304 2036 368 2095 erat,
383 2037 415 2084 ut
424 2032 546 2095 nesciret,
558 2048 572 2085 a
583 2031 652 2086 bono
661 2040 735 2102 patre
745 2048 798 2085 non
809 2029 891 2083 scribi

90 2104 226 2168 heredem,
241 2105 294 2158 uisi
303 2103 406 2160 malum
416 2107 575 2176 principem.

148 2181 190 2234 ll.
210 2180 294 2233 Natus
309 2188 364 2234 crat
377 2178 498 2253 Agricola
512 2180 575 2235 Caio
588 2180 699 2235 Caesare
711 2178 819 2234 tertium
828 2195 892 2233 con-

90 2252 159 2317 sule,
172 2253 239 2307 ldib.
247 2254 346 2308 Iuniis:
368 2256 482 2309 excessit
491 2264 566 2310 santo
574 2263 600 2310 et
609 2253 834 2326 quinquagesimo
843 2270 892 2307 an-

91 2345 141 2393 nc,
165 2328 270 2383 decimo
293 2327 353 2384 Kal.
377 2329 512 2401 Septemb.
533 2329 639 2402 Collega
660 2329 802 2399 Prisoaquc
821 2345 889 2383 coss.

91 2402 194 2470 Quodsi
213 2403 335 2457 habitum
353 2422 462 2477 quoque
481 2406 540 2459 eius
558 2404 656 2474 posteri
671 2420 779 2458 noscere
793 2402 890 2469 velint;

90 2478 225 2533 &sentior
234 2495 317 2551 quam
327 2481 469 2535 sublimior
479 2479 538 2534 luit.
577 2477 651 2532 Nihil
660 2486 748 2532 metus
758 2478 787 2531 in
797 2476 889 2532 vultu:

90 2555 176 2628 gratia
194 2556 250 2609 cris
269 2564 414 2626 supererat.
453 2555 557 2609 bonum
571 2553 663 2608 virum
676 2552 902 2610 lacilsmederes„

89 2629 350 2700 magnnmlibcntsr.
388 2620 925 2706 Etipsequidemquomqmmmsmo

75 2702 108 2753 in
116 2704 205 2769 spatio
212 2705 336 2776 mtegrae
344 2711 443 2768 aetatis
453 2718 589 2788 ereptus,
597 2716 752 2788 quonium
758 2693 953 2770 udllfflm
