1950 3016
114 191 146 244 to
350 196 671 245 nisaonrnnun
730 168 733 177 '
772 186 906 262 (ncne

113 300 199 354 vicem
214 295 312 362 clades,
329 298 449 353 crebrius
463 297 650 369 infestiusque,
664 314 747 369 mem
761 305 793 353 ut
803 305 907 355 nutum

112 381 219 445 propter
231 373 362 428 Neronem
376 373 544 445 Galbamque
561 382 735 446 pugnaretur.
773 373 807 428 Et
824 374 907 431 Galba

112 449 213 502 reditus
227 448 459 520 Lugdunensium,
473 449 609 503 ocmsione
623 449 687 513 irae,
702 449 731 503 in
743 447 840 505 liscum
849 466 908 505 ves*-

112 531 190 577 tsrat:
202 523 304 578 multus
313 533 401 578 eontra
411 524 439 577 in
445 523 608 577 Viennenses
618 523 710 578 bonor.
730 523 807 579 Unde
815 541 908 580 mmu-

112 597 174 652 latio
183 608 208 651 et
217 599 317 653 invidia
329 607 353 653 et
364 615 417 653 uno
425 615 504 651 amne
513 597 634 653 discretis
644 615 794 653 connexum
802 600 906 656 odium.

112 674 195 747 lgitur
211 674 403 747 Lugdunenses
416 672 588 727 exstimulata
604 673 726 746 singulos
740 673 871 739 militum,
883 681 909 731 e

112 751 139 803 in
151 751 315 804 eversionem
325 749 517 803 Viennensium
528 747 663 819 inpellere,
674 753 801 803 obsum
810 753 908 805 abillis

112 828 239 879 umam
256 841 338 885 mom,
359 828 462 877 adicus
481 824 594 878 Vindicis
613 833 727 886 conatus,
748 830 908 895 commiptua

111 917 194 967 nuper
204 902 314 966 lopiones
323 903 350 952 in
357 903 519 966 praesidium
530 899 629 953 Grrlbnc
637 897 781 954 referendo.
802 899 847 963 Et,
860 900 907 955 nht
950 960 952 965 ,

111 991 219 1028 mussas
229 973 350 1028 odiorum
361 973 568 1043 praetenderant,
574 973 785 1046 magnitudinem
795 976 908 1045 praedas

110 1047 290 1104 ostendebant.
327 1049 445 1103 Neoiam
455 1048 907 1119 semdaexbortatio,sedpubllcae

110 1138 216 1196 preces:
238 1124 308 1176 irent
322 1127 426 1185 ultores,
442 1129 621 1178 exscinderent
634 1129 718 1178 rodun
728 1123 825 1178 Gallica
839 1129 906 1181 belli.

114 1199 212 1253 Cuncta
226 1201 282 1251 illic
295 1208 404 1252 esterno
418 1207 442 1252 et
454 1202 573 1252 tortilia:
591 1216 619 1253 sc
630 1203 756 1254 coloniam
767 1200 908 1257 nonanus

111 1282 135 1328 st
148 1282 249 1341 purtem
263 1279 394 1327 anundus
408 1283 432 1327 ct
439 1291 624 1341 prosperarum
635 1279 907 1344 adomsarumquero·

110 1366 171 1403 runt
186 1355 277 1404 socios.
315 1348 346 1404 St
359 1354 466 1418 {ortona
479 1359 570 1403 contro
583 1353 670 1412 duret,
688 1354 766 1404 iratis
778 1367 811 1405 ne
824 1355 907 1407 relin-

174 1435 257 1478 nitur.

111 1441 207 1554 qundo.
229 1500 276 1553 llis
295 1507 321 1554 et
339 1498 464 1570 pluribus
478 1499 506 1552 in
521 1496 635 1552 eundem
650 1498 771 1564 modum,
782 1500 908 1571 perpule-

111 1583 179 1639 rant,
201 1584 231 1628 ut
247 1592 280 1628 ne
295 1573 371 1647 legati
385 1574 494 1645 quidem
507 1590 539 1627 ao
552 1573 634 1627 dracas
647 1576 762 1643 partium
775 1577 906 1648 restingui

109 1667 189 1722 posse
207 1649 372 1703 iracundiam
387 1651 518 1703 exercitus
531 1648 733 1703 arbitrarentur:
754 1666 816 1703 cum
835 1650 908 1707 bsud

110 1725 195 1797 ignari
206 1724 370 1778 discriminis
380 1725 424 1777 sui
433 1723 607 1787 Viennenses,
614 1722 760 1778 velamenta
772 1733 797 1778 et
807 1725 906 1781 infulas

110 1797 295 1871 praeferentes,
317 1798 364 1852 ubi
378 1815 473 1870 agmen
488 1799 640 1863 incesserat,
656 1817 740 1862 arma,
751 1815 848 1872 genua.
860 1818 907 1855 ue-

110 1875 188 1940 sticia
208 1872 370 1943 prensando,
395 1872 490 1928 lkxerc
509 1872 625 1927 militurn
646 1875 758 1929 animos.
798 1874 908 1931 Addidit

113 1930 207 2004 Valens
218 1958 334 2002 trecenos
344 1947 459 2020 singulis
470 1948 601 2002 militibus
609 1951 753 2005 sestertios.
780 1950 850 2005 Tum
861 1968 908 2006 re-

110 2031 195 2078 tustas
204 2023 373 2095 dignitasque
383 2023 498 2078 coloniae
508 2023 601 2087 valuit,
612 2032 638 2078 et
648 2025 727 2079 verba
736 2025 823 2089 Fabii,
833 2025 908 2082 mlu-
948 2032 951 2037 '

112 2109 163 2153 tem
187 2097 449 2170 incolumitatemque
468 2099 660 2154 Viennensium
684 2102 906 2168 commendantis,

110 2175 204 2244 aequis
214 2173 447 2244 auribusaccepta.
468 2174 575 2229 Publice
585 2183 671 2229 umen
682 2177 764 2230 armis
774 2177 904 2243 mulctati,

109 2249 221 2320 privatis
233 2256 258 2301 et
272 2249 432 2318 promiscuis
446 2252 530 2319 copiis
544 2251 634 2303 iuvere
644 2249 766 2306 militem.
805 2250 857 2307 Sed
867 2252 907 2307 le-

110 2340 153 2377 ma
164 2332 287 2377 musteus
301 2322 360 2388 luit,
376 2325 465 2394 ipsum
476 2324 611 2378 Valentem
621 2343 716 2398 magna
726 2328 838 2396 pecunia
848 2345 907 2383 em·

110 2409 196 2470 ptum
237 2399 263 2452 ls
281 2398 327 2453 diu
347 2399 480 2464 sordidus,
501 2408 608 2471 repente
625 2400 711 2465 dives,
732 2404 905 2457 mutationem

111 2473 230 2528 fortunae
243 2473 312 2528 mals
326 2474 437 2547 tegebat,
458 2476 574 2529 accensis
587 2484 703 2548 egestate
714 2475 791 2550 longa
800 2478 907 2549 eupidi-

111 2550 192 2604 nibus
206 2550 396 2614 inmoderatos,
411 2558 445 2615 et,
460 2551 531 2621 inopi
542 2551 659 2616 iuventa,
673 2569 754 2606 senex
765 2553 904 2626 prodigus.

89 2620 179 2674 bento
186 2623 287 2679 deiude
297 2627 409 2700 agmine
415 2625 547 2701 perfines
556 2626 737 2702 Allobrogum
745 2627 792 2681 etV
798 2629 916 2680 conniis-

67 2702 138 2741 rum
153 2694 261 2754 danus
275 2706 429 2777 munitus,
447 2706 511 2784 ipm
525 2706 664 2765 itinerum
679 2704 773 2780 spada
783 2698 932 2753 mettim·
