1950 3016
148 210 181 262 'll
379 210 693 259 n1srou1snusr
789 200 921 274 (num.

149 312 249 368 Valenti
262 313 397 367 adiunctas
409 312 556 375 retulimus,
571 310 683 380 superbe
694 310 818 382 agebant3
836 317 923 365 utcu-

148 387 244 457 iusque
263 387 371 458 legionis
389 388 495 440 tentoria
514 385 697 447 accessissent,
721 389 843 437 coeroitos
860 402 878 437 o
894 400 922 439 sa

148 464 392 528 quartadecimanos,
402 464 514 514 ablutum
523 459 619 511 Neroni
628 459 923 524 ltoltom,olquaonmam

149 537 208 586 belli
217 539 345 602 {ortuncm
354 538 381 586 in
390 539 501 599 ipsorum
509 548 586 583 manu
594 537 679 592 situm,
688 531 819 583 iactantes.
854 529 923 585 eou-

148 606 315 663 lumeliosum
325 606 353 659 id
361 605 498 666 militibus,
508 603 630 657 eoerbum
639 603 714 657 duci:
734 604 922 673 conruptaiur·

148 682 201 752 giis
210 689 254 734 aut
263 682 328 733 rixis
337 677 487 747 disciplina:
508 677 711 746 adpostremum
720 677 923 747 Valeusapstu-

150 753 226 808 lautia
238 755 316 806 etiam
327 751 460 821 perfidiam
471 749 642 818 suspectabat.

202 831 243 882 28.
264 827 345 896 Igitur
359 825 449 877 nuntio
462 823 553 886 adlato,
564 827 666 888 pulsum
681 825 844 877 Treuerorum
853 825 924 878 aun

152 903 312 966 Tunproaqne
329 915 348 950 a
363 900 442 950 clusae
456 897 560 950 Othonia
572 905 596 948 et
610 897 795 950 Narbonensem
810 896 922 951 Gallium

151 976 294 1034 circumiri;
312 969 392 1023 simul
402 971 555 1023 curasocios
566 968 654 1022 tuendi
663 977 688 1022 et
697 969 803 1023 militari
812 978 922 1023 astaco·
963 1030 965 1035 ,

150 1046 234 1099 hortea
250 1043 374 1105 turbidas,
390 1060 428 1104 ac,
444 1044 466 1095 si
479 1060 531 1096 una
541 1041 631 1105 forent,
641 1041 810 1112 praevalidas,
821 1042 922 1113 disper-

149 1117 237 1190 gendi,
248 1124 345 1186 partem
350 1117 502 1170 Batavorum
513 1117 550 1169 ire
560 1117 587 1169 in
597 1116 745 1169 subsidium
755 1116 836 1170 iubet.
847 1114 923 1181 Quod
963 1144 965 1173 :

149 1192 195 1245 ubi
205 1191 323 1243 auditum
334 1189 648 1261 vulgatumque,maorere
656 1190 729 1252 socii,
740 1187 848 1243 fremere
859 1188 922 1263 legi-
963 1246 965 1251 ,

148 1281 224 1318 onem
245 1267 333 1316 orbari
340 1281 367 1316 ae
374 1268 568 1331 fortissimorum
577 1267 689 1316 uirorum
698 1266 812 1316 auxilio:
829 1272 922 1317 veteres
963 1300 965 1305 -

149 1342 207 1392 illos
221 1347 244 1390 et
258 1346 293 1391 tot
305 1340 425 1390 bellorum
437 1341 553 1396 victores,
561 1345 694 1403 postquam
707 1341 735 1389 tn
749 1345 881 1403 conspectu
889 1340 922 1390 eit

149 1416 234 1473 hostis,
248 1414 314 1464 velut
328 1429 361 1464 ec
375 1415 431 1464 acle
443 1413 548 1462 abduci:
567 1412 591 1462 ai
597 1413 730 1475 prouincia
739 1412 800 1463 urbe
809 1419 832 1462 el
841 1412 922 1463 solute
962 1426 965 1467 :

149 1488 249 1552 irruperit
256 1489 340 1551 potior
348 1489 390 1546 sit,
400 1501 483 1536 omnes
491 1485 553 1536 illuc
561 1491 736 1549 sequerentur:
752 1487 793 1536 ain
801 1486 923 1537 uictoriae
963 1540 965 1545 ,

149 1563 259 1619 sanitas,
273 1560 482 1617 sustentaculum,
503 1558 615 1608 columen
634 1556 757 1609 initalia
773 1564 920 1619 uerteretur,
963 1566 965 1631 j

149 1648 199 1684 non
207 1633 395 1696 abrumpendos,
407 1638 435 1681 ut
445 1633 553 1694 corpori,
565 1630 733 1690 validissimos
742 1638 822 1682 crtus.
963 1638 965 1645 '

202 1706 243 1757 illl.
264 1702 331 1755 llaec
340 1701 454 1755 ferociter
463 1701 588 1764 iactando,
603 1710 750 1772 postquam,
761 1702 880 1756 inmissis
890 1700 921 1756 ll·

149 1776 272 1838 oloribus,
283 1772 376 1829 Valens
391 1791 504 1827 coercere
517 1775 668 1829 seditionem
681 1776 820 1846 coeptabat,
832 1776 920 1847 ipsum

150 1848 284 1911 invadunt,
300 1865 361 1901 saxa
376 1848 485 1910 iaciunt,
503 1848 643 1921 fugientem
657 1858 815 1920 sequuntur;
839 1852 921 1918 spolio

152 1922 295 1978 Galliarum
305 1929 328 1974 et
344 1922 514 1974 Viennensium
528 1941 620 1976 curum
630 1930 653 1975 et
660 1927 744 1991 pretio
755 1924 869 1977 laborum
877 1941 921 1976 su·

150 2014 221 2050 orum
236 1998 362 2048 occultare
376 1995 544 2059 clamitantes,
554 1996 661 2066 direptis
672 1996 790 2059 sarcinis,
804 1996 921 2050 taberna-

148 2069 207 2125 cula
219 2069 303 2131 ducis,
315 2069 451 2138 ipsamque
461 2069 572 2123 humum
582 2070 642 2140 pilis
652 2077 676 2123 el
686 2069 780 2123 lanceis
790 2070 922 2124 rimabun-

149 2152 200 2197 tur.
239 2143 304 2195 Nam
314 2141 407 2195 Valens
417 2142 505 2196 servili
516 2152 585 2196 veste
594 2144 664 2212 apud
674 2143 837 2197 decurionem
847 2142 922 2215 equi-

149 2225 204 2271 tum
218 2216 358 2287 tegebatur.
397 2216 463 2269 Tum
474 2217 608 2286 Alphenus
619 2214 710 2278 Varus,
726 2216 870 2287 praelectus
879 2234 921 2271 oa-

150 2298 271 2351 strorum,
283 2287 437 2360 deflagrante
447 2288 580 2359 paullatim
591 2288 725 2353 seditione,
737 2290 807 2343 addit
816 2290 922 2344 consili-

150 2381 205 2426 um,
218 2363 301 2416 vetitis
315 2362 386 2416 obire
399 2362 501 2434 vigilias
516 2363 719 2427 centurionibus,
735 2364 832 2417 omisso
845 2364 921 2418 tubae

150 2453 221 2501 sono,
237 2453 289 2507 quo
302 2435 377 2488 miles
387 2437 419 2489 ad
433 2435 494 2489 belli
505 2437 593 2489 munis
604 2438 694 2491 cietur.
732 2436 813 2508 igitur
822 2446 921 2507 torpere

150 2511 244 2573 cuncti,
260 2511 473 2579 circumspectare
487 2509 552 2562 inter
564 2526 592 2562 se
605 2511 725 2565 adtoniti:
746 2519 770 2564 et
785 2511 810 2564 id
820 2512 919 2581 ipsum,

142 2582 218 2652 quod
228 2600 307 2638 nemo
320 2591 428 2657 regeret,
444 2590 582 2654 parentes:
601 2583 716 2646 silentio,
726 2585 862 2653 patientia,
875 2600 922 2653 po·

124 2662 231 2710 strenuo
241 2658 374 2730 precibus
389 2677 421 2716 ac
434 2657 565 2734 lacrymis
578 2660 688 2716 remam
697 2657 870 2730 suasionum.
899 2655 941 2705 ur.
