1950 3016
69 188 193 263 uena.)
267 198 346 244 ura.
366 196 414 246 lv.
434 198 523 245 cua.
543 199 665 247 ra-ar.
820 195 870 251 lta

69 298 122 357 lara
136 297 266 363 umbone,
281 298 337 371 pilo
348 300 442 371 sequi:
463 299 573 365 multos,
587 300 617 355 in
626 302 730 357 moenia
737 318 869 377 egressos,

68 374 236 449 pugionibus
249 372 346 430 ledere.
385 372 431 429 Sic
442 374 571 431 erdrausta
584 382 668 441 nocte,
680 392 776 433 novam
786 380 869 435 aciem

68 450 250 521 diesaperuit.

122 528 167 581 3⁰.
201 523 357 579 Eduxerant
379 524 471 579 batavi
499 524 596 579 baurim
619 523 722 595 duplici
744 525 869 593 tabulato,

67 618 163 673 quam,
173 599 320 671 praetoriae
329 605 419 670 portae
433 598 468 671 (is
477 598 661 669 aequissimus
671 598 755 669 bcua)
763 603 872 672 propin-

67 684 208 749 quantem,
224 674 338 744 promoti
348 682 437 729 contra
448 672 530 729 validi
539 690 642 728 asseres
652 682 678 729 et
686 676 812 731 incussae
819 686 873 731 tra-

66 748 287 821 besperlregere,
298 747 383 803 multa
391 749 603 818 superstantium
612 749 740 819 pernicie.
767 750 872 824 Pugna-

67 832 183 897 tumque
193 824 222 878 in
232 823 369 894 perculsos
377 823 467 879 subita
476 830 503 877 et
512 840 638 894 prospera
647 824 796 895 eruptione.
828 824 873 881 si-

67 899 125 955 mul
138 916 156 954 a
171 897 333 971 legionariis,
353 898 448 968 peritia
461 906 487 952 et
500 906 556 953 arta
567 898 773 968 praeeuntibus,
794 899 872 971 plura

66 972 251 1031 struebantur.
285 973 463 1043 Praecipuum
472 989 598 1043 pavorem
608 973 698 1029 intulit
707 991 871 1046 suspensum

66 1058 94 1105 et
101 1057 204 1105 nutans
214 1047 533 1118 machinamentum,quo
542 1057 650 1118 repente
659 1049 785 1114 demisso,
794 1068 872 1122 prae-

67 1132 107 1179 ter
116 1140 231 1179 suorum
239 1140 285 1177 ora
294 1122 396 1195 singuli
405 1121 656 1193 pluresvabostium
664 1123 782 1181 sublime
790 1127 869 1197 rapti,

67 1216 148 1255 uerso
169 1198 287 1271 pondera
309 1201 377 1251 intra
402 1205 488 1252 castra
511 1196 723 1253 effundebantur.
764 1199 869 1266 Civilia,

66 1275 169 1331 omissa
183 1272 358 1345 oppugnandi
371 1288 429 1343 spe,
453 1290 549 1327 rursus
562 1288 610 1342 per
624 1273 709 1327 otium
724 1273 869 1339 adsidebat,

68 1350 174 1406 nuntiis
182 1356 209 1402 et
218 1348 359 1418 promissis
369 1346 449 1402 fidem
460 1346 596 1418 legionum
607 1345 770 1401 convellens.

122 1428 168 1479 3⁴.
188 1423 259 1477 llaec
273 1422 302 1476 in
316 1422 459 1477 Germania
473 1431 534 1475 ante
547 1419 726 1475 Cremonense
739 1419 872 1492 proelium

66 1506 153 1574 gesta,
173 1499 254 1553 cuiue
272 1505 400 1553 eventum
419 1495 520 1550 litterae
533 1495 618 1551 Primi
626 1494 736 1549 Antonii
748 1496 870 1561 docuere,

66 1574 158 1629 addito
168 1573 296 1629 Caecinae
305 1572 400 1627 edicto.
433 1569 624 1642 Etpraelectus
635 1570 870 1636 cobortisevictis,

67 1648 186 1721 Alpinus
198 1648 350 1712 Montanus,
367 1646 499 1702 fortunam
510 1646 627 1716 partium
637 1662 763 1716 praesens
775 1645 873 1703 lateba-

67 1731 121 1781 tur.
152 1721 602 1778 Diversihincmotusanimorum.
632 1720 870 1790 AuxiliaeGallia,

67 1799 133 1871 quis
143 1815 194 1853 nec
202 1815 276 1853 amor
286 1814 335 1853 nec
344 1797 437 1851 odium
448 1797 476 1850 in
486 1804 584 1867 partas,
591 1795 687 1850 militia
692 1797 751 1851 sine
756 1797 869 1864 adlactu,

67 1874 238 1931 mentibus
249 1871 387 1944 praelectis
396 1872 486 1927 statirn
499 1888 514 1925 a
525 1871 630 1926 Vitellio
638 1870 798 1929 desciscunt.
821 1875 872 1929 Ve-

67 1958 113 2007 tus
123 1948 203 2004 miles
212 1947 399 2003 cunctabatur:
419 1946 468 2001 aad
480 1946 601 2019 adigente
611 1947 757 2003 Hordeonio
766 1948 870 2014 Flacco,

66 2024 233 2079 instantibus
242 2022 369 2087 tribunis,
380 2021 449 2077 dixit
458 2030 664 2087 sacramentum,
676 2040 729 2077 uon
738 2022 813 2078 vultu
825 2040 872 2077 ne-

67 2116 124 2171 qua
135 2100 225 2154 animo
235 2100 301 2153 satis
314 2096 474 2152 adfirmans:
495 2105 530 2161 et,
543 2115 607 2151 cum
617 2106 701 2153 cetera
712 2097 873 2152 iurisiuran-

68 2174 98 2231 di
115 2174 199 2229 verba
217 2174 395 2244 conciperent,
415 2172 572 2242 Vespasiani
588 2188 686 2227 nomen
701 2172 870 2236 haesitantes,

68 2256 116 2304 aut
132 2246 188 2305 levi
202 2264 352 2313 murmure,
367 2255 391 2302 et
400 2246 562 2318 plerumque
574 2246 695 2311 silentio,
711 2246 872 2301 transmitte-

122 2402 168 2455 32
189 2398 284 2453 Lectae
292 2396 388 2452 deinde
397 2413 446 2468 pro
453 2397 580 2451 concione
588 2392 715 2466 epistolae
724 2391 872 2449 Antoniiad

69 2474 195 2538 Civilem,
212 2473 379 2542 suspiciones
393 2472 511 2527 militum
526 2472 678 2533 inritavere,
693 2477 829 2539 tamquam
839 2469 874 2525 ad

69 2551 174 2607 accium
184 2549 302 2619 partium
314 2549 436 2618 scriptae,
448 2546 516 2603 etde
526 2544 689 2602 Germanico
700 2544 888 2599 exercitabor

65 2624 168 2677 naliter.
208 2623 272 2675 Mor
284 2622 380 2679 aduris
395 2623 555 2681 Geldubam
569 2624 605 2681 in
618 2630 711 2681 castta
719 2618 851 2678 nuntiis,
859 2631 913 2669 ea-

64 2692 343 2767 Mdt'owfflaque:
365 2703 603 2763 etmissuscum
610 2697 937 2763 mandatisuonmnue
