<?xml version="1.0" encoding="UTF-8"?>
<!DOCTYPE html PUBLIC "-//W3C//DTD XHTML 1.0 Transitional//EN"
    "http://www.w3.org/TR/xhtml1/DTD/xhtml1-transitional.dtd">
<html xmlns="http://www.w3.org/1999/xhtml" xml:lang="en" lang="en">
 <head>
  <title>
</title>
<meta http-equiv="Content-Type" content="text/html;charset=utf-8" />
  <meta name='ocr-system' content='tesseract 3.04.00' />
  <meta name='ocr-capabilities' content='ocr_page ocr_carea ocr_par ocr_line ocrx_word'/>
</head>
<body>
  <div class='ocr_page' id='page_1' title='image "./ccorneliitaciti00weisgoog_0089.png"; bbox 0 0 1950 3016; ppageno 0'>
   <div class='ocr_carea' id='block_1_1' title="bbox 128 173 965 261">
    <p class='ocr_par' dir='ltr' id='par_1_1' title="bbox 128 173 965 261">
     <span class='ocr_line' id='line_1_1' title="bbox 128 173 965 261; baseline 0.005 -30"><span class='ocrx_word' id='word_1_1' title='bbox 128 186 162 238; x_wconf 74' lang='lat' dir='ltr'><strong>ne</strong></span> <span class='ocrx_word' id='word_1_2' title='bbox 370 182 691 261; x_wconf 23' lang='lat' dir='ltr'><strong>araronrnalunr</strong></span> <span class='ocrx_word' id='word_1_3' title='bbox 792 173 925 249; x_wconf 59' lang='lat' dir='ltr'><strong>(numa</strong></span> <span class='ocrx_word' id='word_1_4' title='bbox 961 200 965 251; x_wconf 75' lang='lat'><strong>¹.</strong></span> 
     </span>
    </p>
   </div>
   <div class='ocr_carea' id='block_1_2' title="bbox 92 284 965 2758">
    <p class='ocr_par' dir='ltr' id='par_1_2' title="bbox 127 284 928 658">
     <span class='ocr_line' id='line_1_2' title="bbox 128 284 928 358; baseline 0 -15"><span class='ocrx_word' id='word_1_5' title='bbox 128 290 219 344; x_wconf 83' lang='lat' dir='ltr'><strong>lacios.</strong></span> <span class='ocrx_word' id='word_1_6' title='bbox 257 287 388 342; x_wconf 82' lang='lat' dir='ltr'>Cominus</span> <span class='ocrx_word' id='word_1_7' title='bbox 406 287 568 358; x_wconf 76' lang='lat' dir='ltr'><strong>eminusque</strong></span> <span class='ocrx_word' id='word_1_8' title='bbox 587 284 699 339; x_wconf 85' lang='lat' dir='ltr'><strong>catervis</strong></span> <span class='ocrx_word' id='word_1_9' title='bbox 718 292 745 339; x_wconf 90' lang='lat' dir='ltr'><strong>et</strong></span> <span class='ocrx_word' id='word_1_10' title='bbox 756 286 852 340; x_wconf 82' lang='lat' dir='ltr'><strong>ouneis</strong></span> <span class='ocrx_word' id='word_1_11' title='bbox 865 302 928 343; x_wconf 85' lang='lat' dir='ltr'><strong>oon·</strong></span> 
     </span>
     <span class='ocr_line' id='line_1_3' title="bbox 127 359 928 435; baseline -0.001 -17"><span class='ocrx_word' id='word_1_12' title='bbox 127 361 283 418; x_wconf 83' lang='lat' dir='ltr'><strong>currebant:</strong></span> <span class='ocrx_word' id='word_1_13' title='bbox 304 364 333 417; x_wconf 93' lang='lat' dir='ltr'><strong>in</strong></span> <span class='ocrx_word' id='word_1_14' title='bbox 343 380 439 435; x_wconf 84' lang='lat' dir='ltr'><strong>aggere</strong></span> <span class='ocrx_word' id='word_1_15' title='bbox 447 364 506 417; x_wconf 85' lang='lat' dir='ltr'><strong>viae</strong></span> <span class='ocrx_word' id='word_1_16' title='bbox 515 360 617 415; x_wconf 88' lang='lat' dir='ltr'><strong>oonlato</strong></span> <span class='ocrx_word' id='word_1_17' title='bbox 625 359 721 433; x_wconf 82' lang='lat' dir='ltr'><strong>gradu,</strong></span> <span class='ocrx_word' id='word_1_18' title='bbox 737 361 928 430; x_wconf 65' lang='lat' dir='ltr'><strong>eorporibueoe</strong></span> 
     </span>
     <span class='ocr_line' id='line_1_4' title="bbox 128 434 927 507; baseline -0.001 -15"><span class='ocrx_word' id='word_1_19' title='bbox 128 437 293 492; x_wconf 79' lang='lat' dir='ltr'><strong>umbonibus</strong></span> <span class='ocrx_word' id='word_1_20' title='bbox 302 438 361 502; x_wconf 86' lang='lat' dir='ltr'><strong>niti,</strong></span> <span class='ocrx_word' id='word_1_21' title='bbox 376 439 477 492; x_wconf 88' lang='lat' dir='ltr'><strong>omisso</strong></span> <span class='ocrx_word' id='word_1_22' title='bbox 489 435 606 506; x_wconf 88' lang='lat' dir='ltr'><strong>pilorum</strong></span> <span class='ocrx_word' id='word_1_23' title='bbox 617 436 696 498; x_wconf 87' lang='lat' dir='ltr'><strong>iaetu,</strong></span> <span class='ocrx_word' id='word_1_24' title='bbox 706 434 805 507; x_wconf 86' lang='lat' dir='ltr'><strong>gladiis</strong></span> <span class='ocrx_word' id='word_1_25' title='bbox 815 444 841 489; x_wconf 89' lang='lat' dir='ltr'><strong>et</strong></span> <span class='ocrx_word' id='word_1_26' title='bbox 850 452 927 491; x_wconf 71' lang='lat' dir='ltr'><strong>mou·</strong></span> 
     </span>
     <span class='ocr_line' id='line_1_5' title="bbox 128 511 925 585; baseline -0.001 -19"><span class='ocrx_word' id='word_1_27' title='bbox 128 512 205 567; x_wconf 90' lang='lat' dir='ltr'><strong>ribus</strong></span> <span class='ocrx_word' id='word_1_28' title='bbox 213 511 302 585; x_wconf 83' lang='lat' dir='ltr'><strong>galeas</strong></span> <span class='ocrx_word' id='word_1_29' title='bbox 312 512 459 582; x_wconf 86' lang='lat' dir='ltr'><strong>lorioasque</strong></span> <span class='ocrx_word' id='word_1_30' title='bbox 468 527 654 580; x_wconf 78' lang='lat' dir='ltr'>perrumpere:</span> <span class='ocrx_word' id='word_1_31' title='bbox 666 511 925 577; x_wconf 79' lang='lat' dir='ltr'><strong>nosoentesiuterse‚</strong></span> 
     </span>
     <span class='ocr_line' id='line_1_6' title="bbox 128 584 877 658; baseline -0.004 -16"><span class='ocrx_word' id='word_1_32' title='bbox 128 588 222 642; x_wconf 84' lang='lat' dir='ltr'><strong>ueteris</strong></span> <span class='ocrx_word' id='word_1_33' title='bbox 231 587 379 658; x_wconf 84' lang='lat' dir='ltr'>conspicui,</span> <span class='ocrx_word' id='word_1_34' title='bbox 391 586 419 639; x_wconf 91' lang='lat' dir='ltr'><strong>in</strong></span> <span class='ocrx_word' id='word_1_35' title='bbox 430 594 554 639; x_wconf 88' lang='lat' dir='ltr'><strong>eventum</strong></span> <span class='ocrx_word' id='word_1_36' title='bbox 566 586 646 639; x_wconf 88' lang='lat' dir='ltr'><strong>totius</strong></span> <span class='ocrx_word' id='word_1_37' title='bbox 656 584 719 638; x_wconf 91' lang='lat' dir='ltr'><strong>belli</strong></span> <span class='ocrx_word' id='word_1_38' title='bbox 731 584 877 639; x_wconf 79' lang='lat' dir='ltr'><strong>oertabant.</strong></span> 
     </span>
    </p>

    <p class='ocr_par' dir='ltr' id='par_1_3' title="bbox 127 659 957 1833">
     <span class='ocr_line' id='line_1_7' title="bbox 184 659 925 731; baseline -0.004 -15"><span class='ocrx_word' id='word_1_39' title='bbox 184 665 225 716; x_wconf 71' lang='lat' dir='ltr'><strong>la.</strong></span> <span class='ocrx_word' id='word_1_40' title='bbox 247 663 324 716; x_wconf 83' lang='lat' dir='ltr'><strong>Forte</strong></span> <span class='ocrx_word' id='word_1_41' title='bbox 342 661 410 713; x_wconf 90' lang='lat' dir='ltr'><strong>inter</strong></span> <span class='ocrx_word' id='word_1_42' title='bbox 428 659 530 712; x_wconf 88' lang='lat' dir='ltr'><strong>Padum</strong></span> <span class='ocrx_word' id='word_1_43' title='bbox 553 660 692 730; x_wconf 85' lang='lat' dir='ltr'><strong>viamque,</strong></span> <span class='ocrx_word' id='word_1_44' title='bbox 708 660 807 730; x_wconf 89' lang='lat' dir='ltr'><strong>patenti</strong></span> <span class='ocrx_word' id='word_1_45' title='bbox 821 676 925 731; x_wconf 79' lang='lat' dir='ltr'><strong>eampo,</strong></span> 
     </span>
     <span class='ocr_line' id='line_1_8' title="bbox 129 733 927 809; baseline -0.001 -18"><span class='ocrx_word' id='word_1_46' title='bbox 129 737 197 791; x_wconf 84' lang='lat' dir='ltr'><strong>duae</strong></span> <span class='ocrx_word' id='word_1_47' title='bbox 208 737 325 809; x_wconf 83' lang='lat' dir='ltr'><strong>legiones</strong></span> <span class='ocrx_word' id='word_1_48' title='bbox 339 751 495 805; x_wconf 82' lang='lat' dir='ltr'><strong>oongressae</strong></span> <span class='ocrx_word' id='word_1_49' title='bbox 505 743 581 787; x_wconf 93' lang='lat' dir='ltr'><strong>sunt:</strong></span> <span class='ocrx_word' id='word_1_50' title='bbox 602 750 650 803; x_wconf 93' lang='lat' dir='ltr'><strong>pro</strong></span> <span class='ocrx_word' id='word_1_51' title='bbox 660 733 766 789; x_wconf 86' lang='lat' dir='ltr'><strong>Vitellio</strong></span> <span class='ocrx_word' id='word_1_52' title='bbox 775 736 927 789; x_wconf 83' lang='lat' dir='ltr'><strong>unaetvioe-</strong></span> 
     </span>
     <span class='ocr_line' id='line_1_9' title="bbox 128 809 957 881; baseline -0.001 -15"><span class='ocrx_word' id='word_1_53' title='bbox 128 814 208 873; x_wconf 83' lang='lat' dir='ltr'><strong>sima,</strong></span> <span class='ocrx_word' id='word_1_54' title='bbox 225 812 269 865; x_wconf 91' lang='lat' dir='ltr'><strong>cui</strong></span> <span class='ocrx_word' id='word_1_55' title='bbox 284 825 429 881; x_wconf 79' lang='lat' dir='ltr'><strong>cognomen</strong></span> <span class='ocrx_word' id='word_1_56' title='bbox 445 810 552 875; x_wconf 79' lang='lat' dir='ltr'><em>Rapaci,</em></span> <span class='ocrx_word' id='word_1_57' title='bbox 568 817 655 862; x_wconf 88' lang='lat' dir='ltr'><strong>vetere</strong></span> <span class='ocrx_word' id='word_1_58' title='bbox 666 809 750 881; x_wconf 86' lang='lat' dir='ltr'><strong>gloria</strong></span> <span class='ocrx_word' id='word_1_59' title='bbox 760 809 893 881; x_wconf 88' lang='lat' dir='ltr'><strong>insignis:</strong></span> <span class='ocrx_word' id='word_1_60' title='bbox 911 825 927 865; x_wconf 82' lang='lat' dir='ltr'><strong>a</strong></span> <span class='ocrx_word' id='word_1_61' title='bbox 953 824 957 829; x_wconf 86' lang='lat'>&#39;</span> 
     </span>
     <span class='ocr_line' id='line_1_10' title="bbox 129 882 926 957; baseline 0 -19"><span class='ocrx_word' id='word_1_62' title='bbox 129 895 203 957; x_wconf 88' lang='lat' dir='ltr'><strong>parte</strong></span> <span class='ocrx_word' id='word_1_63' title='bbox 211 883 324 937; x_wconf 87' lang='lat' dir='ltr'><strong>Othonis</strong></span> <span class='ocrx_word' id='word_1_64' title='bbox 337 884 424 953; x_wconf 88' lang='lat' dir='ltr'><strong>prima</strong></span> <span class='ocrx_word' id='word_1_65' title='bbox 434 882 568 945; x_wconf 79' lang='lat' dir='ltr'><strong>Adiutrix,</strong></span> <span class='ocrx_word' id='word_1_66' title='bbox 579 901 632 936; x_wconf 92' lang='lat' dir='ltr'><strong>non</strong></span> <span class='ocrx_word' id='word_1_67' title='bbox 642 892 702 937; x_wconf 88' lang='lat' dir='ltr'><strong>ante</strong></span> <span class='ocrx_word' id='word_1_68' title='bbox 710 885 738 937; x_wconf 92' lang='lat' dir='ltr'><strong>in</strong></span> <span class='ocrx_word' id='word_1_69' title='bbox 748 884 832 937; x_wconf 86' lang='lat' dir='ltr'><strong>aciem</strong></span> <span class='ocrx_word' id='word_1_70' title='bbox 843 883 926 939; x_wconf 89' lang='lat' dir='ltr'><strong>dedu·</strong></span> 
     </span>
     <span class='ocr_line' id='line_1_11' title="bbox 128 957 926 1021; baseline 0 -8"><span class='ocrx_word' id='word_1_71' title='bbox 128 970 179 1021; x_wconf 82' lang='lat' dir='ltr'><strong>ote,</strong></span> <span class='ocrx_word' id='word_1_72' title='bbox 200 959 248 1011; x_wconf 86' lang='lat' dir='ltr'><strong>sed</strong></span> <span class='ocrx_word' id='word_1_73' title='bbox 263 958 335 1012; x_wconf 84' lang='lat' dir='ltr'><strong>lerox</strong></span> <span class='ocrx_word' id='word_1_74' title='bbox 346 965 372 1010; x_wconf 90' lang='lat' dir='ltr'><strong>et</strong></span> <span class='ocrx_word' id='word_1_75' title='bbox 386 959 448 1011; x_wconf 88' lang='lat' dir='ltr'><strong>novi</strong></span> <span class='ocrx_word' id='word_1_76' title='bbox 459 957 561 1011; x_wconf 90' lang='lat' dir='ltr'><strong>deooris</strong></span> <span class='ocrx_word' id='word_1_77' title='bbox 570 957 657 1011; x_wconf 88' lang='lat' dir='ltr'><strong>avida.</strong></span> <span class='ocrx_word' id='word_1_78' title='bbox 698 958 826 1018; x_wconf 83' lang='lat' dir='ltr'><strong>Primani,</strong></span> <span class='ocrx_word' id='word_1_79' title='bbox 837 958 926 1013; x_wconf 81' lang='lat' dir='ltr'><strong>stratis</strong></span> 
     </span>
     <span class='ocr_line' id='line_1_12' title="bbox 127 1031 926 1103; baseline 0 -15"><span class='ocrx_word' id='word_1_80' title='bbox 127 1031 926 1103; x_wconf 77' lang='lat' dir='ltr'><strong>unaetvieesimenorumprincipiis,aquilamabstulera.0uo</strong></span> 
     </span>
     <span class='ocr_line' id='line_1_13' title="bbox 127 1106 926 1179; baseline 0 -17"><span class='ocrx_word' id='word_1_81' title='bbox 127 1108 217 1162; x_wconf 86' lang='lat' dir='ltr'><strong>dolore</strong></span> <span class='ocrx_word' id='word_1_82' title='bbox 225 1124 333 1160; x_wconf 80' lang='lat' dir='ltr'><strong>aceensa</strong></span> <span class='ocrx_word' id='word_1_83' title='bbox 345 1106 422 1179; x_wconf 83' lang='lat' dir='ltr'><strong>legio,</strong></span> <span class='ocrx_word' id='word_1_84' title='bbox 438 1116 464 1160; x_wconf 86' lang='lat' dir='ltr'><strong>et</strong></span> <span class='ocrx_word' id='word_1_85' title='bbox 474 1106 573 1178; x_wconf 80' lang='lat' dir='ltr'><strong>inpulit</strong></span> <span class='ocrx_word' id='word_1_86' title='bbox 582 1125 677 1161; x_wconf 90' lang='lat' dir='ltr'><strong>rursus</strong></span> <span class='ocrx_word' id='word_1_87' title='bbox 688 1108 833 1177; x_wconf 81' lang='lat' dir='ltr'><strong>primanos,</strong></span> <span class='ocrx_word' id='word_1_88' title='bbox 845 1109 926 1163; x_wconf 89' lang='lat' dir='ltr'><strong>iuter·</strong></span> 
     </span>
     <span class='ocr_line' id='line_1_14' title="bbox 129 1180 926 1254; baseline 0.003 -19"><span class='ocrx_word' id='word_1_89' title='bbox 129 1181 195 1236; x_wconf 84' lang='lat' dir='ltr'><strong>fecto</strong></span> <span class='ocrx_word' id='word_1_90' title='bbox 208 1180 339 1252; x_wconf 90' lang='lat' dir='ltr'><strong>Orpbidio</strong></span> <span class='ocrx_word' id='word_1_91' title='bbox 350 1182 468 1253; x_wconf 82' lang='lat' dir='ltr'><strong>Benigno</strong></span> <span class='ocrx_word' id='word_1_92' title='bbox 483 1181 576 1254; x_wconf 84' lang='lat' dir='ltr'><strong>legato,</strong></span> <span class='ocrx_word' id='word_1_93' title='bbox 590 1190 615 1234; x_wconf 93' lang='lat' dir='ltr'><strong>et</strong></span> <span class='ocrx_word' id='word_1_94' title='bbox 627 1181 743 1252; x_wconf 80' lang='lat' dir='ltr'><strong>piurima</strong></span> <span class='ocrx_word' id='word_1_95' title='bbox 753 1183 829 1254; x_wconf 84' lang='lat' dir='ltr'><strong>signa</strong></span> <span class='ocrx_word' id='word_1_96' title='bbox 841 1181 926 1237; x_wconf 83' lang='lat' dir='ltr'><strong>vexil-</strong></span> 
     </span>
     <span class='ocr_line' id='line_1_15' title="bbox 128 1255 926 1329; baseline 0.004 -19"><span class='ocrx_word' id='word_1_97' title='bbox 128 1255 208 1328; x_wconf 92' lang='lat' dir='ltr'><strong>laque</strong></span> <span class='ocrx_word' id='word_1_98' title='bbox 218 1272 251 1310; x_wconf 83' lang='lat' dir='ltr'><strong>ex</strong></span> <span class='ocrx_word' id='word_1_99' title='bbox 261 1256 383 1311; x_wconf 79' lang='lat' dir='ltr'><strong>hostibus</strong></span> <span class='ocrx_word' id='word_1_100' title='bbox 393 1258 490 1326; x_wconf 84' lang='lat' dir='ltr'><strong>rapuit.</strong></span> <span class='ocrx_word' id='word_1_101' title='bbox 530 1257 552 1310; x_wconf 83' lang='grc' dir='ltr'><strong>Α</strong></span> <span class='ocrx_word' id='word_1_102' title='bbox 565 1265 639 1326; x_wconf 86' lang='lat' dir='ltr'><strong>parte</strong></span> <span class='ocrx_word' id='word_1_103' title='bbox 647 1255 699 1310; x_wconf 85' lang='lat' dir='ltr'><strong>elia</strong></span> <span class='ocrx_word' id='word_1_104' title='bbox 709 1257 835 1327; x_wconf 86' lang='lat' dir='ltr'><strong>propulsa</strong></span> <span class='ocrx_word' id='word_1_105' title='bbox 845 1259 926 1329; x_wconf 88' lang='lat' dir='ltr'><strong>quiu-</strong></span> 
     </span>
     <span class='ocr_line' id='line_1_16' title="bbox 128 1329 926 1403; baseline 0.001 -18"><span class='ocrx_word' id='word_1_106' title='bbox 128 1339 250 1386; x_wconf 87' lang='lat' dir='ltr'><strong>tanorum</strong></span> <span class='ocrx_word' id='word_1_107' title='bbox 261 1332 352 1402; x_wconf 88' lang='lat' dir='ltr'><strong>inpetu</strong></span> <span class='ocrx_word' id='word_1_108' title='bbox 364 1331 541 1385; x_wconf 89' lang='lat' dir='ltr'><strong>tertiadecima</strong></span> <span class='ocrx_word' id='word_1_109' title='bbox 552 1329 634 1403; x_wconf 87' lang='lat' dir='ltr'><strong>legio:</strong></span> <span class='ocrx_word' id='word_1_110' title='bbox 655 1331 829 1385; x_wconf 88' lang='lat' dir='ltr'><strong>circumventi</strong></span> <span class='ocrx_word' id='word_1_111' title='bbox 841 1331 926 1403; x_wconf 90' lang='lat' dir='ltr'><strong>pluri-</strong></span> 
     </span>
     <span class='ocr_line' id='line_1_17' title="bbox 128 1405 925 1476; baseline 0 -15"><span class='ocrx_word' id='word_1_112' title='bbox 128 1422 175 1461; x_wconf 89' lang='lat' dir='ltr'><strong>um</strong></span> <span class='ocrx_word' id='word_1_113' title='bbox 186 1407 300 1460; x_wconf 84' lang='lat' dir='ltr'><strong>edcursu</strong></span> <span class='ocrx_word' id='word_1_114' title='bbox 311 1405 546 1476; x_wconf 75' lang='lat' dir='ltr'><strong>quartadecimani.</strong></span> <span class='ocrx_word' id='word_1_115' title='bbox 571 1405 613 1467; x_wconf 89' lang='lat' dir='ltr'><strong>Et,</strong></span> <span class='ocrx_word' id='word_1_116' title='bbox 624 1405 739 1459; x_wconf 86' lang='lat' dir='ltr'><strong>ducibus</strong></span> <span class='ocrx_word' id='word_1_117' title='bbox 749 1405 862 1461; x_wconf 86' lang='lat' dir='ltr'><strong>Othonis</strong></span> <span class='ocrx_word' id='word_1_118' title='bbox 872 1408 925 1461; x_wconf 88' lang='lat' dir='ltr'><strong>iam</strong></span> 
     </span>
     <span class='ocr_line' id='line_1_18' title="bbox 127 1479 926 1553; baseline 0.003 -19"><span class='ocrx_word' id='word_1_119' title='bbox 127 1483 232 1552; x_wconf 86' lang='lat' dir='ltr'><strong>pridem</strong></span> <span class='ocrx_word' id='word_1_120' title='bbox 246 1481 376 1553; x_wconf 77' lang='lat' dir='ltr'><strong>profugis,</strong></span> <span class='ocrx_word' id='word_1_121' title='bbox 392 1480 503 1534; x_wconf 86' lang='lat' dir='ltr'><strong>Caecina</strong></span> <span class='ocrx_word' id='word_1_122' title='bbox 519 1479 655 1533; x_wconf 86' lang='lat' dir='ltr'><strong>aoValeus</strong></span> <span class='ocrx_word' id='word_1_123' title='bbox 668 1480 798 1535; x_wconf 90' lang='lat' dir='ltr'><strong>subsidiis</strong></span> <span class='ocrx_word' id='word_1_124' title='bbox 807 1499 873 1536; x_wconf 88' lang='lat' dir='ltr'><strong>suos</strong></span> <span class='ocrx_word' id='word_1_125' title='bbox 882 1482 926 1536; x_wconf 81' lang='lat' dir='ltr'><strong>lir-</strong></span> 
     </span>
     <span class='ocr_line' id='line_1_19' title="bbox 127 1553 925 1627; baseline 0.003 -18"><span class='ocrx_word' id='word_1_126' title='bbox 127 1557 245 1610; x_wconf 84' lang='lat' dir='ltr'><strong>mabant.</strong></span> <span class='ocrx_word' id='word_1_127' title='bbox 285 1555 403 1608; x_wconf 74' lang='lat' dir='ltr'><strong>decessit</strong></span> <span class='ocrx_word' id='word_1_128' title='bbox 416 1571 507 1607; x_wconf 89' lang='lat' dir='ltr'><strong>recens</strong></span> <span class='ocrx_word' id='word_1_129' title='bbox 526 1553 668 1618; x_wconf 85' lang='lat' dir='ltr'><strong>auxilium,</strong></span> <span class='ocrx_word' id='word_1_130' title='bbox 684 1555 770 1610; x_wconf 86' lang='lat' dir='ltr'><strong>Varus</strong></span> <span class='ocrx_word' id='word_1_131' title='bbox 786 1555 925 1627; x_wconf 76' lang='lat' dir='ltr'><strong>Alphenor</strong></span> 
     </span>
     <span class='ocr_line' id='line_1_20' title="bbox 128 1628 925 1702; baseline 0.003 -18"><span class='ocrx_word' id='word_1_132' title='bbox 128 1647 189 1685; x_wconf 91' lang='lat' dir='ltr'><strong>oum</strong></span> <span class='ocrx_word' id='word_1_133' title='bbox 206 1631 320 1693; x_wconf 83' lang='lat' dir='ltr'><strong>Batavis,</strong></span> <span class='ocrx_word' id='word_1_134' title='bbox 337 1628 396 1682; x_wconf 87' lang='lat' dir='ltr'><strong>lusa</strong></span> <span class='ocrx_word' id='word_1_135' title='bbox 410 1628 586 1700; x_wconf 79' lang='lat' dir='ltr'><strong>gladiatorum</strong></span> <span class='ocrx_word' id='word_1_136' title='bbox 600 1647 692 1693; x_wconf 82' lang='lat' dir='ltr'><strong>manu,</strong></span> <span class='ocrx_word' id='word_1_137' title='bbox 706 1648 799 1702; x_wconf 72' lang='lat' dir='ltr'><strong>quiam,</strong></span> <span class='ocrx_word' id='word_1_138' title='bbox 811 1631 925 1686; x_wconf 85' lang='lat' dir='ltr'><strong>navibus</strong></span> 
     </span>
     <span class='ocr_line' id='line_1_21' title="bbox 127 1703 926 1774; baseline 0.006 -17"><span class='ocrx_word' id='word_1_139' title='bbox 127 1712 314 1768; x_wconf 86' lang='lat' dir='ltr'><strong>transvectam,</strong></span> <span class='ocrx_word' id='word_1_140' title='bbox 329 1704 464 1772; x_wconf 88' lang='lat' dir='ltr'><strong>oppositae</strong></span> <span class='ocrx_word' id='word_1_141' title='bbox 477 1703 596 1756; x_wconf 88' lang='lat' dir='ltr'><strong>cobortes</strong></span> <span class='ocrx_word' id='word_1_142' title='bbox 609 1705 638 1757; x_wconf 91' lang='lat' dir='ltr'><strong>in</strong></span> <span class='ocrx_word' id='word_1_143' title='bbox 654 1706 713 1774; x_wconf 88' lang='lat' dir='ltr'><strong>ipso</strong></span> <span class='ocrx_word' id='word_1_144' title='bbox 723 1704 833 1760; x_wconf 89' lang='lat' dir='ltr'><strong>llumiue</strong></span> <span class='ocrx_word' id='word_1_145' title='bbox 843 1708 926 1763; x_wconf 84' lang='lat' dir='ltr'><strong>truoi·</strong></span> 
     </span>
     <span class='ocr_line' id='line_1_22' title="bbox 127 1775 784 1833; baseline 0.003 -2"><span class='ocrx_word' id='word_1_146' title='bbox 127 1778 262 1831; x_wconf 78' lang='lat' dir='ltr'><strong>doverant.</strong></span> <span class='ocrx_word' id='word_1_147' title='bbox 302 1778 339 1831; x_wconf 83' lang='lat' dir='ltr'><strong>lta</strong></span> <span class='ocrx_word' id='word_1_148' title='bbox 349 1777 460 1830; x_wconf 88' lang='lat' dir='ltr'><strong>victores</strong></span> <span class='ocrx_word' id='word_1_149' title='bbox 472 1775 540 1830; x_wconf 91' lang='lat' dir='ltr'><strong>latus</strong></span> <span class='ocrx_word' id='word_1_150' title='bbox 550 1778 667 1832; x_wconf 89' lang='lat' dir='ltr'><strong>bostium</strong></span> <span class='ocrx_word' id='word_1_151' title='bbox 678 1781 784 1833; x_wconf 84' lang='lat' dir='ltr'><strong>invecti.</strong></span> 
     </span>
    </p>

    <p class='ocr_par' dir='ltr' id='par_1_4' title="bbox 125 1852 965 2598">
     <span class='ocr_line' id='line_1_23' title="bbox 183 1852 926 1926; baseline 0.007 -21"><span class='ocrx_word' id='word_1_152' title='bbox 183 1854 224 1905; x_wconf 81' lang='lat' dir='ltr'><strong>ll.</strong></span> <span class='ocrx_word' id='word_1_153' title='bbox 247 1852 288 1913; x_wconf 82' lang='lat' dir='ltr'><strong>Et,</strong></span> <span class='ocrx_word' id='word_1_154' title='bbox 305 1852 392 1904; x_wconf 87' lang='lat' dir='ltr'><strong>media</strong></span> <span class='ocrx_word' id='word_1_155' title='bbox 406 1852 463 1905; x_wconf 85' lang='lat' dir='ltr'><strong>acie</strong></span> <span class='ocrx_word' id='word_1_156' title='bbox 476 1862 610 1924; x_wconf 86' lang='lat' dir='ltr'><strong>perrupta,</strong></span> <span class='ocrx_word' id='word_1_157' title='bbox 627 1852 718 1926; x_wconf 82' lang='lat' dir='ltr'><strong>lugere</strong></span> <span class='ocrx_word' id='word_1_158' title='bbox 730 1856 831 1926; x_wconf 86' lang='lat' dir='ltr'><strong>passim</strong></span> <span class='ocrx_word' id='word_1_159' title='bbox 843 1853 926 1910; x_wconf 88' lang='lat' dir='ltr'><strong>Otbo-</strong></span> 
     </span>
     <span class='ocr_line' id='line_1_24' title="bbox 127 1926 922 2000; baseline 0.004 -19"><span class='ocrx_word' id='word_1_160' title='bbox 127 1926 212 1988; x_wconf 77' lang='lat' dir='ltr'><strong>niani,</strong></span> <span class='ocrx_word' id='word_1_161' title='bbox 232 1926 387 1980; x_wconf 82' lang='lat' dir='ltr'><strong>Bedriacum</strong></span> <span class='ocrx_word' id='word_1_162' title='bbox 408 1936 534 1996; x_wconf 85' lang='lat' dir='ltr'><strong>petentes.</strong></span> <span class='ocrx_word' id='word_1_163' title='bbox 573 1929 729 1983; x_wconf 89' lang='lat' dir='ltr'><strong>lnmensum</strong></span> <span class='ocrx_word' id='word_1_164' title='bbox 750 1930 776 1983; x_wconf 92' lang='lat' dir='ltr'><strong>id</strong></span> <span class='ocrx_word' id='word_1_165' title='bbox 790 1932 922 2000; x_wconf 74' lang='lat' dir='ltr'><strong>spatium:</strong></span> 
     </span>
     <span class='ocr_line' id='line_1_25' title="bbox 126 2001 965 2074; baseline 0.004 -17"><span class='ocrx_word' id='word_1_166' title='bbox 126 2001 275 2057; x_wconf 76' lang='lat' dir='ltr'><strong>obstructae</strong></span> <span class='ocrx_word' id='word_1_167' title='bbox 285 2010 372 2073; x_wconf 89' lang='lat' dir='ltr'><strong>strage</strong></span> <span class='ocrx_word' id='word_1_168' title='bbox 381 2018 521 2072; x_wconf 87' lang='lat' dir='ltr'><strong>oorporum</strong></span> <span class='ocrx_word' id='word_1_169' title='bbox 531 2003 598 2058; x_wconf 87' lang='lat' dir='ltr'><strong>viae.</strong></span> <span class='ocrx_word' id='word_1_170' title='bbox 620 2001 679 2068; x_wconf 89' lang='lat' dir='ltr'><strong>Quo</strong></span> <span class='ocrx_word' id='word_1_171' title='bbox 689 2003 751 2074; x_wconf 91' lang='lat' dir='ltr'><strong>plus</strong></span> <span class='ocrx_word' id='word_1_172' title='bbox 760 2005 848 2058; x_wconf 80' lang='lat' dir='ltr'><strong>credis</strong></span> <span class='ocrx_word' id='word_1_173' title='bbox 860 2004 922 2060; x_wconf 84' lang='lat' dir='ltr'><strong>luit:</strong></span> <span class='ocrx_word' id='word_1_174' title='bbox 963 2028 965 2035; x_wconf 95' lang='lat'>·</span> 
     </span>
     <span class='ocr_line' id='line_1_26' title="bbox 127 2075 923 2148; baseline 0.004 -17"><span class='ocrx_word' id='word_1_175' title='bbox 127 2092 215 2148; x_wconf 86' lang='lat' dir='ltr'><strong>neque</strong></span> <span class='ocrx_word' id='word_1_176' title='bbox 225 2078 296 2129; x_wconf 90' lang='lat' dir='ltr'><strong>enim</strong></span> <span class='ocrx_word' id='word_1_177' title='bbox 306 2075 432 2129; x_wconf 90' lang='lat' dir='ltr'><strong>civilibus</strong></span> <span class='ocrx_word' id='word_1_178' title='bbox 443 2076 520 2131; x_wconf 89' lang='lat' dir='ltr'><strong>bellis</strong></span> <span class='ocrx_word' id='word_1_179' title='bbox 528 2079 597 2148; x_wconf 83' lang='lat' dir='ltr'><strong>copti</strong></span> <span class='ocrx_word' id='word_1_180' title='bbox 606 2079 634 2130; x_wconf 92' lang='lat' dir='ltr'><strong>in</strong></span> <span class='ocrx_word' id='word_1_181' title='bbox 645 2078 923 2148; x_wconf 90' lang='lat' dir='ltr'><strong>praedamvertuntur.</strong></span> 
     </span>
     <span class='ocr_line' id='line_1_27' title="bbox 127 2150 925 2210; baseline 0.005 -4"><span class='ocrx_word' id='word_1_182' title='bbox 127 2151 270 2206; x_wconf 81' lang='lat' dir='ltr'><strong>Suetonius</strong></span> <span class='ocrx_word' id='word_1_183' title='bbox 281 2150 418 2205; x_wconf 89' lang='lat' dir='ltr'><strong>Paullinus</strong></span> <span class='ocrx_word' id='word_1_184' title='bbox 428 2152 578 2206; x_wconf 87' lang='lat' dir='ltr'><strong>etLiciniua</strong></span> <span class='ocrx_word' id='word_1_185' title='bbox 584 2153 711 2207; x_wconf 85' lang='lat' dir='ltr'><strong>Proculus</strong></span> <span class='ocrx_word' id='word_1_186' title='bbox 723 2152 836 2208; x_wconf 87' lang='lat' dir='ltr'><strong>diversis</strong></span> <span class='ocrx_word' id='word_1_187' title='bbox 847 2156 925 2210; x_wconf 88' lang='lat' dir='ltr'><strong>itine-</strong></span> 
     </span>
     <span class='ocr_line' id='line_1_28' title="bbox 126 2226 923 2298; baseline 0.006 -18"><span class='ocrx_word' id='word_1_188' title='bbox 126 2228 203 2280; x_wconf 90' lang='lat' dir='ltr'><strong>ribus</strong></span> <span class='ocrx_word' id='word_1_189' title='bbox 216 2235 299 2279; x_wconf 88' lang='lat' dir='ltr'><strong>oastra</strong></span> <span class='ocrx_word' id='word_1_190' title='bbox 311 2227 436 2280; x_wconf 84' lang='lat' dir='ltr'><strong>vitavere.</strong></span> <span class='ocrx_word' id='word_1_191' title='bbox 447 2226 560 2280; x_wconf 87' lang='lat' dir='ltr'><strong>Vedium</strong></span> <span class='ocrx_word' id='word_1_192' title='bbox 572 2228 923 2298; x_wconf 70' lang='lat' dir='ltr'><strong>Aquilamtertiaedecirnae</strong></span> 
     </span>
     <span class='ocr_line' id='line_1_29' title="bbox 127 2300 926 2374; baseline 0.006 -20"><span class='ocrx_word' id='word_1_193' title='bbox 127 2300 240 2373; x_wconf 82' lang='lat' dir='ltr'><strong>legionis</strong></span> <span class='ocrx_word' id='word_1_194' title='bbox 251 2301 376 2373; x_wconf 86' lang='lat' dir='ltr'><strong>legatum,</strong></span> <span class='ocrx_word' id='word_1_195' title='bbox 388 2301 443 2354; x_wconf 90' lang='lat' dir='ltr'><strong>irae</strong></span> <span class='ocrx_word' id='word_1_196' title='bbox 452 2301 569 2355; x_wconf 87' lang='lat' dir='ltr'><strong>militurn</strong></span> <span class='ocrx_word' id='word_1_197' title='bbox 579 2303 746 2357; x_wconf 89' lang='lat' dir='ltr'><strong>inconsultus</strong></span> <span class='ocrx_word' id='word_1_198' title='bbox 756 2321 838 2374; x_wconf 86' lang='lat' dir='ltr'><strong>pavor</strong></span> <span class='ocrx_word' id='word_1_199' title='bbox 846 2305 926 2359; x_wconf 90' lang='lat' dir='ltr'><strong>obtu-</strong></span> 
     </span>
     <span class='ocr_line' id='line_1_30' title="bbox 127 2374 925 2450; baseline 0.008 -22"><span class='ocrx_word' id='word_1_200' title='bbox 127 2374 167 2429; x_wconf 92' lang='lat' dir='ltr'><strong>lit.</strong></span> <span class='ocrx_word' id='word_1_201' title='bbox 207 2377 289 2430; x_wconf 86' lang='lat' dir='ltr'><strong>Multo</strong></span> <span class='ocrx_word' id='word_1_202' title='bbox 304 2376 392 2431; x_wconf 83' lang='lat' dir='ltr'><strong>adhue</strong></span> <span class='ocrx_word' id='word_1_203' title='bbox 405 2376 449 2430; x_wconf 92' lang='lat' dir='ltr'><strong>die</strong></span> <span class='ocrx_word' id='word_1_204' title='bbox 458 2375 559 2431; x_wconf 90' lang='lat' dir='ltr'><strong>vallum</strong></span> <span class='ocrx_word' id='word_1_205' title='bbox 571 2378 718 2450; x_wconf 83' lang='lat' dir='ltr'><strong>ingressus,</strong></span> <span class='ocrx_word' id='word_1_206' title='bbox 730 2378 844 2433; x_wconf 87' lang='lat' dir='ltr'><strong>elamore</strong></span> <span class='ocrx_word' id='word_1_207' title='bbox 853 2380 925 2435; x_wconf 81' lang='lat' dir='ltr'><strong>serli-</strong></span> 
     </span>
     <span class='ocr_line' id='line_1_31' title="bbox 127 2451 920 2524; baseline 0.005 -19"><span class='ocrx_word' id='word_1_208' title='bbox 127 2452 256 2505; x_wconf 87' lang='lat' dir='ltr'><strong>tiosorum</strong></span> <span class='ocrx_word' id='word_1_209' title='bbox 276 2459 302 2505; x_wconf 90' lang='lat' dir='ltr'><strong>et</strong></span> <span class='ocrx_word' id='word_1_210' title='bbox 319 2451 455 2524; x_wconf 77' lang='lat' dir='ltr'><strong>fugacium</strong></span> <span class='ocrx_word' id='word_1_211' title='bbox 474 2453 715 2523; x_wconf 83' lang='lat' dir='ltr'><strong>circumstrepitur:</strong></span> <span class='ocrx_word' id='word_1_212' title='bbox 737 2471 789 2508; x_wconf 92' lang='lat' dir='ltr'><strong>non</strong></span> <span class='ocrx_word' id='word_1_213' title='bbox 808 2455 920 2524; x_wconf 84' lang='lat' dir='ltr'><strong>probris,</strong></span> 
     </span>
     <span class='ocr_line' id='line_1_32' title="bbox 125 2525 925 2598; baseline 0.005 -19"><span class='ocrx_word' id='word_1_214' title='bbox 125 2544 179 2580; x_wconf 93' lang='lat' dir='ltr'><strong>non</strong></span> <span class='ocrx_word' id='word_1_215' title='bbox 194 2525 321 2581; x_wconf 88' lang='lat' dir='ltr'><strong>manibus</strong></span> <span class='ocrx_word' id='word_1_216' title='bbox 333 2527 479 2581; x_wconf 87' lang='lat' dir='ltr'><strong>abstinent:</strong></span> <span class='ocrx_word' id='word_1_217' title='bbox 500 2530 653 2581; x_wconf 76' lang='lat' dir='ltr'><strong>desertorem</strong></span> <span class='ocrx_word' id='word_1_218' title='bbox 665 2534 873 2598; x_wconf 82' lang='lat' dir='ltr'><strong>proditoremque</strong></span> <span class='ocrx_word' id='word_1_219' title='bbox 882 2530 925 2582; x_wconf 91' lang='lat' dir='ltr'><strong>in·</strong></span> 
     </span>
    </p>

    <p class='ocr_par' dir='ltr' id='par_1_5' title="bbox 92 2602 955 2758">
     <span class='ocr_line' id='line_1_33' title="bbox 110 2602 933 2677; baseline 0.002 -27"><span class='ocrx_word' id='word_1_220' title='bbox 110 2611 242 2669; x_wconf 79' lang='lat' dir='ltr'><strong>crepant:</strong></span> <span class='ocrx_word' id='word_1_221' title='bbox 262 2602 342 2659; x_wconf 90' lang='lat' dir='ltr'><strong>nullo</strong></span> <span class='ocrx_word' id='word_1_222' title='bbox 359 2603 473 2677; x_wconf 90' lang='lat' dir='ltr'><strong>proprio</strong></span> <span class='ocrx_word' id='word_1_223' title='bbox 481 2603 597 2657; x_wconf 85' lang='lat' dir='ltr'><strong>erimine</strong></span> <span class='ocrx_word' id='word_1_224' title='bbox 605 2605 678 2665; x_wconf 73' lang='lat' dir='ltr'><strong>eius,</strong></span> <span class='ocrx_word' id='word_1_225' title='bbox 696 2603 748 2654; x_wconf 80' lang='lat' dir='ltr'><strong>sed</strong></span> <span class='ocrx_word' id='word_1_226' title='bbox 755 2618 833 2654; x_wconf 82' lang='lat' dir='ltr'><strong>more</strong></span> <span class='ocrx_word' id='word_1_227' title='bbox 842 2603 933 2669; x_wconf 58' lang='lat' dir='ltr'><strong>singu„</strong></span> 
     </span>
     <span class='ocr_line' id='line_1_34' title="bbox 92 2672 955 2758; baseline 0.006 -35"><span class='ocrx_word' id='word_1_228' title='bbox 92 2686 185 2727; x_wconf 80' lang='lat' dir='ltr'><strong>sunm</strong></span> <span class='ocrx_word' id='word_1_229' title='bbox 203 2679 334 2755; x_wconf 86' lang='lat' dir='ltr'><strong>quiaque</strong></span> <span class='ocrx_word' id='word_1_230' title='bbox 353 2677 582 2758; x_wconf 75' lang='lat' dir='ltr'><strong>llagitiumaliis</strong></span> <span class='ocrx_word' id='word_1_231' title='bbox 596 2678 775 2735; x_wconf 74' lang='lat' dir='ltr'><strong>obieruntes.</strong></span> <span class='ocrx_word' id='word_1_232' title='bbox 807 2672 955 2723; x_wconf 52' lang='lat' dir='ltr'><strong>luxuum</strong></span> 
     </span>
    </p>
   </div>
   <div class='ocr_carea' id='block_1_3' title="bbox 20 2792 29 2893">
    <p class='ocr_par' dir='ltr' id='par_1_6' title="bbox 20 2792 29 2893">
     <span class='ocr_line' id='line_1_35' title="bbox 20 2792 29 2893; baseline 0 0"><span class='ocrx_word' id='word_1_233' title='bbox 20 2792 29 2893; x_wconf 88' lang='lat' dir='ltr'><strong>l</strong></span> 
     </span>
    </p>
   </div>
   <div class='ocr_carea' id='block_1_4' title="bbox 0 0 980 3016">
    <p class='ocr_par' dir='ltr' id='par_1_7' title="bbox 0 0 980 3016">
     <span class='ocr_line' id='line_1_36' title="bbox 0 0 980 3016; baseline 0 0"><span class='ocrx_word' id='word_1_234' title='bbox 0 0 980 3016; x_wconf 95' lang='lat' dir='ltr'><strong> </strong></span> 
     </span>
    </p>
   </div>
  </div>
 </body>
</html>
