<?xml version="1.0" encoding="UTF-8"?>
<!DOCTYPE html PUBLIC "-//W3C//DTD XHTML 1.0 Transitional//EN"
    "http://www.w3.org/TR/xhtml1/DTD/xhtml1-transitional.dtd">
<html xmlns="http://www.w3.org/1999/xhtml" xml:lang="en" lang="en">
 <head>
  <title>
</title>
<meta http-equiv="Content-Type" content="text/html;charset=utf-8" />
  <meta name='ocr-system' content='tesseract 3.04.00' />
  <meta name='ocr-capabilities' content='ocr_page ocr_carea ocr_par ocr_line ocrx_word'/>
</head>
<body>
  <div class='ocr_page' id='page_1' title='image "./ccorneliitaciti00weisgoog_0278.png"; bbox 0 0 1950 3016; ppageno 0'>
   <div class='ocr_carea' id='block_1_1' title="bbox 63 199 865 454">
    <p class='ocr_par' dir='ltr' id='par_1_1' title="bbox 63 199 865 454">
     <span class='ocr_line' id='line_1_1' title="bbox 265 199 865 257; baseline 0.015 -11"><span class='ocrx_word' id='word_1_1' title='bbox 265 200 477 250; x_wconf 71' lang='lat' dir='ltr'><strong>nensconn</strong></span> <span class='ocrx_word' id='word_1_2' title='bbox 498 204 577 252; x_wconf 78' lang='lat' dir='ltr'><strong>oar.</strong></span> <span class='ocrx_word' id='word_1_3' title='bbox 596 205 621 252; x_wconf 87' lang='lat' dir='ltr'><strong>s.</strong></span> <span class='ocrx_word' id='word_1_4' title='bbox 641 206 668 251; x_wconf 84' lang='lat' dir='ltr'><strong>e.</strong></span> <span class='ocrx_word' id='word_1_5' title='bbox 815 199 865 257; x_wconf 76' lang='lat' dir='ltr'><strong>tte</strong></span> 
     </span>
     <span class='ocr_line' id='line_1_2' title="bbox 64 286 864 380; baseline 0.01 -25"><span class='ocrx_word' id='word_1_6' title='bbox 64 318 100 356; x_wconf 87' lang='lat' dir='ltr'><strong>ne</strong></span> <span class='ocrx_word' id='word_1_7' title='bbox 117 299 185 356; x_wconf 85' lang='lat' dir='ltr'><strong>alins</strong></span> <span class='ocrx_word' id='word_1_8' title='bbox 203 302 369 358; x_wconf 72' lang='lat' dir='ltr'><strong>exercitatior</strong></span> <span class='ocrx_word' id='word_1_9' title='bbox 386 305 528 376; x_wconf 77' lang='lat' dir='ltr'><strong>magisque</strong></span> <span class='ocrx_word' id='word_1_10' title='bbox 546 305 575 359; x_wconf 92' lang='lat' dir='ltr'><strong>in</strong></span> <span class='ocrx_word' id='word_1_11' title='bbox 589 305 718 380; x_wconf 75' lang='lat' dir='ltr'><strong>ambiguo</strong></span> <span class='ocrx_word' id='word_1_12' title='bbox 729 286 864 363; x_wconf 67' lang='lat' dir='ltr'><strong>britannia</strong></span> 
     </span>
     <span class='ocr_line' id='line_1_3' title="bbox 63 374 865 454; baseline 0.009 -23"><span class='ocrx_word' id='word_1_13' title='bbox 63 374 126 431; x_wconf 82' lang='lat' dir='ltr'><strong>luit.</strong></span> <span class='ocrx_word' id='word_1_14' title='bbox 165 376 301 431; x_wconf 84' lang='lat' dir='ltr'><strong>Trucidati</strong></span> <span class='ocrx_word' id='word_1_15' title='bbox 312 379 439 444; x_wconf 83' lang='lat' dir='ltr'><strong>veterani,</strong></span> <span class='ocrx_word' id='word_1_16' title='bbox 455 379 579 434; x_wconf 79' lang='lat' dir='ltr'><strong>incensae</strong></span> <span class='ocrx_word' id='word_1_17' title='bbox 588 379 715 447; x_wconf 80' lang='lat' dir='ltr'><strong>ooloniee,</strong></span> <span class='ocrx_word' id='word_1_18' title='bbox 727 383 865 454; x_wconf 76' lang='lat' dir='ltr'><strong>intercepti</strong></span> 
     </span>
    </p>
   </div>
   <div class='ocr_carea' id='block_1_2' title="bbox 60 450 897 2771">
    <p class='ocr_par' dir='ltr' id='par_1_2' title="bbox 62 450 897 1031">
     <span class='ocr_line' id='line_1_4' title="bbox 63 450 862 520; baseline 0.01 -16"><span class='ocrx_word' id='word_1_19' title='bbox 63 450 213 506; x_wconf 75' lang='lat' dir='ltr'><strong>exercitus:</strong></span> <span class='ocrx_word' id='word_1_20' title='bbox 234 458 293 506; x_wconf 91' lang='lat' dir='ltr'><strong>tum</strong></span> <span class='ocrx_word' id='word_1_21' title='bbox 304 451 338 506; x_wconf 90' lang='lat' dir='ltr'><strong>de</strong></span> <span class='ocrx_word' id='word_1_22' title='bbox 350 452 446 519; x_wconf 85' lang='lat' dir='ltr'><strong>salute,</strong></span> <span class='ocrx_word' id='word_1_23' title='bbox 467 454 702 520; x_wconf 79' lang='lat' dir='ltr'><strong>mordeviotorie‚</strong></span> <span class='ocrx_word' id='word_1_24' title='bbox 721 464 862 513; x_wconf 80' lang='lat' dir='ltr'><strong>certavere.</strong></span> 
     </span>
     <span class='ocr_line' id='line_1_5' title="bbox 63 525 862 603; baseline 0.006 -24"><span class='ocrx_word' id='word_1_25' title='bbox 63 525 243 593; x_wconf 83' lang='lat' dir='ltr'><strong>Queeouuota</strong></span> <span class='ocrx_word' id='word_1_26' title='bbox 253 527 304 581; x_wconf 87' lang='lat' dir='ltr'><strong>etsi</strong></span> <span class='ocrx_word' id='word_1_27' title='bbox 313 528 434 582; x_wconf 88' lang='lat' dir='ltr'><strong>oonsiliis</strong></span> <span class='ocrx_word' id='word_1_28' title='bbox 443 528 581 600; x_wconf 82' lang='lat' dir='ltr'><strong>ductuque</strong></span> <span class='ocrx_word' id='word_1_29' title='bbox 589 527 698 586; x_wconf 86' lang='lat' dir='ltr'><strong>alterius</strong></span> <span class='ocrx_word' id='word_1_30' title='bbox 707 531 862 603; x_wconf 77' lang='lat' dir='ltr'><strong>agebantur,</strong></span> 
     </span>
     <span class='ocr_line' id='line_1_6' title="bbox 62 604 866 678; baseline 0.006 -23"><span class='ocrx_word' id='word_1_31' title='bbox 62 618 95 656; x_wconf 82' lang='lat' dir='ltr'><strong>eo</strong></span> <span class='ocrx_word' id='word_1_32' title='bbox 104 618 212 655; x_wconf 85' lang='lat' dir='ltr'><strong>summa</strong></span> <span class='ocrx_word' id='word_1_33' title='bbox 222 618 314 656; x_wconf 90' lang='lat' dir='ltr'><strong>rerum</strong></span> <span class='ocrx_word' id='word_1_34' title='bbox 323 610 349 656; x_wconf 87' lang='lat' dir='ltr'><strong>et</strong></span> <span class='ocrx_word' id='word_1_35' title='bbox 357 604 517 674; x_wconf 73' lang='lat' dir='ltr'><strong>reciperatae</strong></span> <span class='ocrx_word' id='word_1_36' title='bbox 524 604 676 674; x_wconf 83' lang='lat' dir='ltr'><strong>provinoiae</strong></span> <span class='ocrx_word' id='word_1_37' title='bbox 684 604 768 678; x_wconf 83' lang='lat' dir='ltr'><strong>glorie</strong></span> <span class='ocrx_word' id='word_1_38' title='bbox 778 607 807 660; x_wconf 89' lang='lat' dir='ltr'><strong>in</strong></span> <span class='ocrx_word' id='word_1_39' title='bbox 813 606 866 660; x_wconf 88' lang='lat' dir='ltr'><strong>dn-</strong></span> 
     </span>
     <span class='ocr_line' id='line_1_7' title="bbox 62 676 897 744; baseline 0.007 -15"><span class='ocrx_word' id='word_1_40' title='bbox 62 676 226 744; x_wconf 77' lang='lat' dir='ltr'><strong>eemoessit3</strong></span> <span class='ocrx_word' id='word_1_41' title='bbox 238 677 862 735; x_wconf 85' lang='lat' dir='ltr'><strong>artemetusumetstimuloseddidereiuveni:</strong></span> <span class='ocrx_word' id='word_1_42' title='bbox 893 690 897 699; x_wconf 90' lang='lat'>&#39;</span> 
     </span>
     <span class='ocr_line' id='line_1_8' title="bbox 62 750 864 828; baseline 0.002 -21"><span class='ocrx_word' id='word_1_43' title='bbox 62 750 228 822; x_wconf 75' lang='lat' dir='ltr'><strong>inbevitquo</strong></span> <span class='ocrx_word' id='word_1_44' title='bbox 240 751 363 806; x_wconf 87' lang='lat' dir='ltr'><strong>animum</strong></span> <span class='ocrx_word' id='word_1_45' title='bbox 381 751 504 807; x_wconf 86' lang='lat' dir='ltr'><strong>militaris</strong></span> <span class='ocrx_word' id='word_1_46' title='bbox 516 752 616 826; x_wconf 79' lang='lat' dir='ltr'><strong>gloriae</strong></span> <span class='ocrx_word' id='word_1_47' title='bbox 633 753 741 825; x_wconf 83' lang='lat' dir='ltr'><strong>cupido,</strong></span> <span class='ocrx_word' id='word_1_48' title='bbox 761 756 864 828; x_wconf 76' lang='lat' dir='ltr'><strong>ingrata</strong></span> 
     </span>
     <span class='ocr_line' id='line_1_9' title="bbox 62 825 865 901; baseline 0.005 -21"><span class='ocrx_word' id='word_1_49' title='bbox 62 825 240 897; x_wconf 75' lang='lat' dir='ltr'><strong>temporibus,</strong></span> <span class='ocrx_word' id='word_1_50' title='bbox 252 825 353 898; x_wconf 89' lang='lat' dir='ltr'><strong>quibus</strong></span> <span class='ocrx_word' id='word_1_51' title='bbox 363 827 471 881; x_wconf 86' lang='lat' dir='ltr'><strong>sinistra</strong></span> <span class='ocrx_word' id='word_1_52' title='bbox 481 843 543 900; x_wconf 82' lang='lat' dir='ltr'><strong>erga</strong></span> <span class='ocrx_word' id='word_1_53' title='bbox 553 829 699 883; x_wconf 71' lang='lat' dir='ltr'><strong>eminentes</strong></span> <span class='ocrx_word' id='word_1_54' title='bbox 709 830 865 901; x_wconf 86' lang='lat' dir='ltr'><strong>interpreta-</strong></span> 
     </span>
     <span class='ocr_line' id='line_1_10' title="bbox 62 900 864 977; baseline 0.002 -20"><span class='ocrx_word' id='word_1_55' title='bbox 62 901 116 965; x_wconf 86' lang='lat' dir='ltr'><strong>tio‚</strong></span> <span class='ocrx_word' id='word_1_56' title='bbox 133 917 184 955; x_wconf 87' lang='lat' dir='ltr'><strong>neo</strong></span> <span class='ocrx_word' id='word_1_57' title='bbox 197 900 289 955; x_wconf 89' lang='lat' dir='ltr'><strong>minus</strong></span> <span class='ocrx_word' id='word_1_58' title='bbox 305 901 457 973; x_wconf 83' lang='lat' dir='ltr'><strong>periculum</strong></span> <span class='ocrx_word' id='word_1_59' title='bbox 471 918 505 957; x_wconf 84' lang='lat' dir='ltr'><strong>ex</strong></span> <span class='ocrx_word' id='word_1_60' title='bbox 518 920 616 976; x_wconf 80' lang='lat' dir='ltr'><strong>magna</strong></span> <span class='ocrx_word' id='word_1_61' title='bbox 629 902 713 970; x_wconf 80' lang='lat' dir='ltr'><strong>lama,</strong></span> <span class='ocrx_word' id='word_1_62' title='bbox 733 921 817 977; x_wconf 83' lang='lat' dir='ltr'><strong>quem</strong></span> <span class='ocrx_word' id='word_1_63' title='bbox 830 920 864 959; x_wconf 84' lang='lat' dir='ltr'><strong>ex</strong></span> 
     </span>
     <span class='ocr_line' id='line_1_11' title="bbox 63 977 146 1031; baseline -0.012 0"><span class='ocrx_word' id='word_1_64' title='bbox 63 977 146 1031; x_wconf 81' lang='lat' dir='ltr'><strong>mala.</strong></span> 
     </span>
    </p>

    <p class='ocr_par' dir='ltr' id='par_1_3' title="bbox 60 1048 864 2771">
     <span class='ocr_line' id='line_1_12' title="bbox 119 1048 863 1125; baseline 0.004 -20"><span class='ocrx_word' id='word_1_65' title='bbox 119 1053 146 1105; x_wconf 78' lang='grc'><strong>6.</strong></span> <span class='ocrx_word' id='word_1_66' title='bbox 166 1050 235 1104; x_wconf 88' lang='lat' dir='ltr'><strong>llino</strong></span> <span class='ocrx_word' id='word_1_67' title='bbox 248 1048 282 1104; x_wconf 91' lang='lat' dir='ltr'><strong>ad</strong></span> <span class='ocrx_word' id='word_1_68' title='bbox 296 1049 471 1121; x_wconf 84' lang='lat' dir='ltr'><strong>capessendos</strong></span> <span class='ocrx_word' id='word_1_69' title='bbox 485 1051 655 1125; x_wconf 73' lang='lat' dir='ltr'><strong>magistratus</strong></span> <span class='ocrx_word' id='word_1_70' title='bbox 668 1053 697 1107; x_wconf 93' lang='lat' dir='ltr'><strong>in</strong></span> <span class='ocrx_word' id='word_1_71' title='bbox 712 1052 806 1108; x_wconf 88' lang='lat' dir='ltr'><strong>urbem</strong></span> <span class='ocrx_word' id='word_1_72' title='bbox 820 1052 863 1108; x_wconf 94' lang='lat' dir='ltr'><strong>di-</strong></span> 
     </span>
     <span class='ocr_line' id='line_1_13' title="bbox 62 1125 862 1201; baseline 0.003 -21"><span class='ocrx_word' id='word_1_73' title='bbox 62 1142 185 1201; x_wconf 79' lang='lat' dir='ltr'><strong>gressus,</strong></span> <span class='ocrx_word' id='word_1_74' title='bbox 204 1125 347 1179; x_wconf 81' lang='lat' dir='ltr'><strong>Domitiam</strong></span> <span class='ocrx_word' id='word_1_75' title='bbox 367 1125 547 1191; x_wconf 87' lang='lat' dir='ltr'><strong>Decidisnam,</strong></span> <span class='ocrx_word' id='word_1_76' title='bbox 567 1127 715 1198; x_wconf 88' lang='lat' dir='ltr'><strong>splendidis</strong></span> <span class='ocrx_word' id='word_1_77' title='bbox 730 1127 862 1183; x_wconf 86' lang='lat' dir='ltr'><strong>natalibus</strong></span> 
     </span>
     <span class='ocr_line' id='line_1_14' title="bbox 62 1200 863 1271; baseline 0.001 -14"><span class='ocrx_word' id='word_1_78' title='bbox 62 1208 160 1264; x_wconf 82' lang='lat' dir='ltr'><strong>ortem,</strong></span> <span class='ocrx_word' id='word_1_79' title='bbox 170 1201 223 1256; x_wconf 91' lang='lat' dir='ltr'><strong>sibi</strong></span> <span class='ocrx_word' id='word_1_80' title='bbox 233 1200 331 1254; x_wconf 80' lang='lat' dir='ltr'><strong>iunxit.</strong></span> <span class='ocrx_word' id='word_1_81' title='bbox 364 1201 447 1271; x_wconf 88' lang='lat' dir='ltr'><strong>ldque</strong></span> <span class='ocrx_word' id='word_1_82' title='bbox 457 1201 657 1256; x_wconf 71' lang='lat' dir='ltr'><strong>matrimonium</strong></span> <span class='ocrx_word' id='word_1_83' title='bbox 668 1203 702 1256; x_wconf 84' lang='lat' dir='ltr'><strong>ad</strong></span> <span class='ocrx_word' id='word_1_84' title='bbox 711 1204 809 1257; x_wconf 80' lang='lat' dir='ltr'><strong>maiora</strong></span> <span class='ocrx_word' id='word_1_85' title='bbox 821 1205 863 1258; x_wconf 94' lang='lat' dir='ltr'><strong>ni-</strong></span> 
     </span>
     <span class='ocr_line' id='line_1_15' title="bbox 61 1274 863 1346; baseline -0.001 -15"><span class='ocrx_word' id='word_1_86' title='bbox 61 1276 130 1331; x_wconf 84' lang='lat' dir='ltr'><strong>tenti</strong></span> <span class='ocrx_word' id='word_1_87' title='bbox 143 1274 225 1330; x_wconf 88' lang='lat' dir='ltr'><strong>deous</strong></span> <span class='ocrx_word' id='word_1_88' title='bbox 239 1291 271 1329; x_wconf 88' lang='lat' dir='ltr'><strong>ao</strong></span> <span class='ocrx_word' id='word_1_89' title='bbox 283 1274 365 1329; x_wconf 90' lang='lat' dir='ltr'><strong>robur</strong></span> <span class='ocrx_word' id='word_1_90' title='bbox 377 1274 437 1329; x_wconf 87' lang='lat' dir='ltr'><strong>luit.</strong></span> <span class='ocrx_word' id='word_1_91' title='bbox 476 1275 661 1346; x_wconf 80' lang='lat' dir='ltr'><strong>vixeruntque</strong></span> <span class='ocrx_word' id='word_1_92' title='bbox 674 1279 742 1330; x_wconf 83' lang='lat' dir='ltr'><strong>mira</strong></span> <span class='ocrx_word' id='word_1_93' title='bbox 755 1294 863 1330; x_wconf 82' lang='lat' dir='ltr'><strong>eonom-</strong></span> 
     </span>
     <span class='ocr_line' id='line_1_16' title="bbox 60 1350 860 1421; baseline -0.004 -15"><span class='ocrx_word' id='word_1_94' title='bbox 60 1351 120 1415; x_wconf 78' lang='lat' dir='ltr'><strong>dir,</strong></span> <span class='ocrx_word' id='word_1_95' title='bbox 130 1366 179 1421; x_wconf 91' lang='lat' dir='ltr'><strong>per</strong></span> <span class='ocrx_word' id='word_1_96' title='bbox 187 1357 309 1403; x_wconf 83' lang='lat' dir='ltr'><strong>mutuam</strong></span> <span class='ocrx_word' id='word_1_97' title='bbox 320 1351 454 1403; x_wconf 77' lang='lat' dir='ltr'><strong>raritatem</strong></span> <span class='ocrx_word' id='word_1_98' title='bbox 466 1357 492 1403; x_wconf 88' lang='lat' dir='ltr'><strong>et</strong></span> <span class='ocrx_word' id='word_1_99' title='bbox 500 1351 616 1404; x_wconf 84' lang='lat' dir='ltr'><strong>invicem</strong></span> <span class='ocrx_word' id='word_1_100' title='bbox 627 1367 657 1404; x_wconf 89' lang='lat' dir='ltr'><strong>se</strong></span> <span class='ocrx_word' id='word_1_101' title='bbox 665 1350 860 1420; x_wconf 81' lang='lat' dir='ltr'><strong>anteponendo.¹</strong></span> 
     </span>
     <span class='ocr_line' id='line_1_17' title="bbox 61 1422 863 1497; baseline -0.004 -16"><span class='ocrx_word' id='word_1_102' title='bbox 61 1424 120 1481; x_wconf 89' lang='lat' dir='ltr'><strong>nisi</strong></span> <span class='ocrx_word' id='word_1_103' title='bbox 137 1422 212 1497; x_wconf 90' lang='lat' dir='ltr'><strong>quod</strong></span> <span class='ocrx_word' id='word_1_104' title='bbox 229 1425 259 1479; x_wconf 92' lang='lat' dir='ltr'><strong>in</strong></span> <span class='ocrx_word' id='word_1_105' title='bbox 272 1424 340 1479; x_wconf 84' lang='lat' dir='ltr'><strong>bone</strong></span> <span class='ocrx_word' id='word_1_106' title='bbox 356 1440 438 1478; x_wconf 81' lang='lat' dir='ltr'><strong>uxore</strong></span> <span class='ocrx_word' id='word_1_107' title='bbox 454 1431 525 1478; x_wconf 87' lang='lat' dir='ltr'><strong>tento</strong></span> <span class='ocrx_word' id='word_1_108' title='bbox 539 1424 623 1477; x_wconf 90' lang='lat' dir='ltr'><strong>maior</strong></span> <span class='ocrx_word' id='word_1_109' title='bbox 637 1423 706 1488; x_wconf 82' lang='lat' dir='ltr'><strong>laus,</strong></span> <span class='ocrx_word' id='word_1_110' title='bbox 721 1432 821 1495; x_wconf 83' lang='lat' dir='ltr'><strong>quanto</strong></span> <span class='ocrx_word' id='word_1_111' title='bbox 833 1424 863 1478; x_wconf 91' lang='lat' dir='ltr'><strong>in</strong></span> 
     </span>
     <span class='ocr_line' id='line_1_18' title="bbox 61 1496 862 1570; baseline -0.006 -13"><span class='ocrx_word' id='word_1_112' title='bbox 61 1498 135 1557; x_wconf 81' lang='lat' dir='ltr'><strong>mela</strong></span> <span class='ocrx_word' id='word_1_113' title='bbox 153 1498 217 1570; x_wconf 88' lang='lat' dir='ltr'><strong>plus</strong></span> <span class='ocrx_word' id='word_1_114' title='bbox 234 1498 329 1570; x_wconf 87' lang='lat' dir='ltr'><strong>culpae</strong></span> <span class='ocrx_word' id='word_1_115' title='bbox 352 1506 400 1553; x_wconf 83' lang='lat' dir='ltr'><strong>est.</strong></span> <span class='ocrx_word' id='word_1_116' title='bbox 440 1496 502 1552; x_wconf 90' lang='lat' dir='ltr'><strong>Sors</strong></span> <span class='ocrx_word' id='word_1_117' title='bbox 522 1504 680 1569; x_wconf 84' lang='lat' dir='ltr'><strong>quaesturae</strong></span> <span class='ocrx_word' id='word_1_118' title='bbox 696 1499 862 1568; x_wconf 76' lang='lat' dir='ltr'><strong>provinciam</strong></span> 
     </span>
     <span class='ocr_line' id='line_1_19' title="bbox 61 1571 864 1645; baseline -0.005 -14"><span class='ocrx_word' id='word_1_119' title='bbox 61 1575 168 1639; x_wconf 78' lang='lat' dir='ltr'><strong>Asiam,</strong></span> <span class='ocrx_word' id='word_1_120' title='bbox 181 1572 367 1645; x_wconf 87' lang='lat' dir='ltr'><strong>prooonsulem</strong></span> <span class='ocrx_word' id='word_1_121' title='bbox 380 1571 501 1628; x_wconf 86' lang='lat' dir='ltr'><strong>Salvium</strong></span> <span class='ocrx_word' id='word_1_122' title='bbox 512 1573 657 1638; x_wconf 83' lang='lat' dir='ltr'><strong>Titianum,</strong></span> <span class='ocrx_word' id='word_1_123' title='bbox 670 1572 751 1628; x_wconf 87' lang='lat' dir='ltr'><strong>dedit.</strong></span> <span class='ocrx_word' id='word_1_124' title='bbox 790 1571 864 1639; x_wconf 81' lang='lat' dir='ltr'><strong>Quo-</strong></span> 
     </span>
     <span class='ocr_line' id='line_1_20' title="bbox 61 1648 863 1719; baseline -0.002 -14"><span class='ocrx_word' id='word_1_125' title='bbox 61 1667 127 1705; x_wconf 92' lang='lat' dir='ltr'><strong>rum</strong></span> <span class='ocrx_word' id='word_1_126' title='bbox 136 1656 230 1703; x_wconf 89' lang='lat' dir='ltr'><strong>neutro</strong></span> <span class='ocrx_word' id='word_1_127' title='bbox 239 1655 384 1718; x_wconf 91' lang='lat' dir='ltr'><strong>oonruptu</strong></span> <span class='ocrx_word' id='word_1_128' title='bbox 394 1655 447 1703; x_wconf 84' lang='lat' dir='ltr'><strong>est:</strong></span> <span class='ocrx_word' id='word_1_129' title='bbox 467 1648 863 1719; x_wconf 84' lang='lat' dir='ltr'><strong>quemquametprovinoiadi-</strong></span> 
     </span>
     <span class='ocr_line' id='line_1_21' title="bbox 61 1722 863 1794; baseline -0.004 -13"><span class='ocrx_word' id='word_1_130' title='bbox 61 1742 113 1782; x_wconf 80' lang='lat' dir='ltr'><strong>ves</strong></span> <span class='ocrx_word' id='word_1_131' title='bbox 127 1740 159 1779; x_wconf 87' lang='lat' dir='ltr'><strong>eo</strong></span> <span class='ocrx_word' id='word_1_132' title='bbox 170 1730 260 1794; x_wconf 79' lang='lat' dir='ltr'><strong>parata</strong></span> <span class='ocrx_word' id='word_1_133' title='bbox 269 1723 449 1793; x_wconf 75' lang='lat' dir='ltr'><strong>poscentibus,</strong></span> <span class='ocrx_word' id='word_1_134' title='bbox 463 1731 489 1777; x_wconf 89' lang='lat' dir='ltr'><strong>et</strong></span> <span class='ocrx_word' id='word_1_135' title='bbox 497 1722 640 1794; x_wconf 89' lang='lat' dir='ltr'><strong>prooonsul</strong></span> <span class='ocrx_word' id='word_1_136' title='bbox 651 1723 679 1777; x_wconf 95' lang='lat' dir='ltr'><strong>in</strong></span> <span class='ocrx_word' id='word_1_137' title='bbox 688 1739 794 1778; x_wconf 90' lang='lat' dir='ltr'><strong>omnem</strong></span> <span class='ocrx_word' id='word_1_138' title='bbox 805 1723 863 1779; x_wconf 86' lang='lat' dir='ltr'><strong>avi-</strong></span> 
     </span>
     <span class='ocr_line' id='line_1_22' title="bbox 61 1795 863 1870; baseline -0.001 -16"><span class='ocrx_word' id='word_1_139' title='bbox 61 1800 174 1855; x_wconf 85' lang='lat' dir='ltr'><strong>ditatem</strong></span> <span class='ocrx_word' id='word_1_140' title='bbox 186 1814 296 1869; x_wconf 85' lang='lat' dir='ltr'><strong>pronus,</strong></span> <span class='ocrx_word' id='word_1_141' title='bbox 310 1797 474 1869; x_wconf 83' lang='lat' dir='ltr'><strong>quantalibet</strong></span> <span class='ocrx_word' id='word_1_142' title='bbox 489 1795 612 1851; x_wconf 79' lang='lat' dir='ltr'><strong>facilitate</strong></span> <span class='ocrx_word' id='word_1_143' title='bbox 623 1797 810 1870; x_wconf 83' lang='lat' dir='ltr'><strong>redempturus</strong></span> <span class='ocrx_word' id='word_1_144' title='bbox 820 1816 863 1854; x_wconf 86' lang='lat' dir='ltr'><strong>es·</strong></span> 
     </span>
     <span class='ocr_line' id='line_1_23' title="bbox 61 1871 859 1939; baseline -0.003 -8"><span class='ocrx_word' id='word_1_145' title='bbox 61 1880 236 1931; x_wconf 85' lang='lat' dir='ltr'><strong>setmutuam</strong></span> <span class='ocrx_word' id='word_1_146' title='bbox 245 1871 485 1927; x_wconf 83' lang='lat' dir='ltr'><strong>dissimulationem</strong></span> <span class='ocrx_word' id='word_1_147' title='bbox 494 1871 567 1927; x_wconf 86' lang='lat' dir='ltr'><strong>mali.</strong></span> <span class='ocrx_word' id='word_1_148' title='bbox 588 1873 690 1928; x_wconf 76' lang='lat' dir='ltr'><strong>duetus</strong></span> <span class='ocrx_word' id='word_1_149' title='bbox 699 1881 740 1929; x_wconf 89' lang='lat' dir='ltr'><strong>est</strong></span> <span class='ocrx_word' id='word_1_150' title='bbox 749 1875 787 1929; x_wconf 94' lang='lat' dir='ltr'><strong>ibi</strong></span> <span class='ocrx_word' id='word_1_151' title='bbox 795 1874 859 1939; x_wconf 82' lang='lat' dir='ltr'><strong>filia,</strong></span> 
     </span>
     <span class='ocr_line' id='line_1_24' title="bbox 60 1945 862 2005; baseline -0.004 0"><span class='ocrx_word' id='word_1_152' title='bbox 60 1950 93 2005; x_wconf 90' lang='lat' dir='ltr'><strong>in</strong></span> <span class='ocrx_word' id='word_1_153' title='bbox 102 1947 256 2003; x_wconf 85' lang='lat' dir='ltr'><strong>subsidium</strong></span> <span class='ocrx_word' id='word_1_154' title='bbox 267 1955 293 2000; x_wconf 88' lang='lat' dir='ltr'><strong>et</strong></span> <span class='ocrx_word' id='word_1_155' title='bbox 302 1945 425 2002; x_wconf 88' lang='lat' dir='ltr'><strong>solatium</strong></span> <span class='ocrx_word' id='word_1_156' title='bbox 435 1946 533 2003; x_wconf 88' lang='lat' dir='ltr'><strong>simul:</strong></span> <span class='ocrx_word' id='word_1_157' title='bbox 553 1965 617 2001; x_wconf 87' lang='lat' dir='ltr'><strong>nam</strong></span> <span class='ocrx_word' id='word_1_158' title='bbox 631 1946 717 2003; x_wconf 83' lang='lat' dir='ltr'><strong>filium</strong></span> <span class='ocrx_word' id='word_1_159' title='bbox 727 1958 786 2003; x_wconf 89' lang='lat' dir='ltr'><strong>ante</strong></span> <span class='ocrx_word' id='word_1_160' title='bbox 796 1949 862 2003; x_wconf 88' lang='lat' dir='ltr'><strong>sub-</strong></span> 
     </span>
     <span class='ocr_line' id='line_1_25' title="bbox 62 2022 862 2093; baseline -0.006 -13"><span class='ocrx_word' id='word_1_161' title='bbox 62 2023 235 2080; x_wconf 85' lang='lat' dir='ltr'><strong>latumbravi</strong></span> <span class='ocrx_word' id='word_1_162' title='bbox 244 2023 343 2077; x_wconf 88' lang='lat' dir='ltr'><strong>amisit.</strong></span> <span class='ocrx_word' id='word_1_163' title='bbox 372 2022 434 2077; x_wconf 83' lang='lat' dir='ltr'><strong>Mox</strong></span> <span class='ocrx_word' id='word_1_164' title='bbox 444 2023 512 2076; x_wconf 87' lang='lat' dir='ltr'><strong>inter</strong></span> <span class='ocrx_word' id='word_1_165' title='bbox 521 2030 693 2093; x_wconf 80' lang='lat' dir='ltr'><strong>quaesturam</strong></span> <span class='ocrx_word' id='word_1_166' title='bbox 702 2041 733 2077; x_wconf 89' lang='lat' dir='ltr'><strong>ae</strong></span> <span class='ocrx_word' id='word_1_167' title='bbox 741 2023 862 2077; x_wconf 85' lang='lat' dir='ltr'><strong>tribuna-</strong></span> 
     </span>
     <span class='ocr_line' id='line_1_26' title="bbox 61 2096 862 2168; baseline -0.006 -13"><span class='ocrx_word' id='word_1_168' title='bbox 61 2107 123 2155; x_wconf 91' lang='lat' dir='ltr'><strong>tum</strong></span> <span class='ocrx_word' id='word_1_169' title='bbox 132 2096 219 2168; x_wconf 88' lang='lat' dir='ltr'><strong>plebis</strong></span> <span class='ocrx_word' id='word_1_170' title='bbox 227 2104 308 2168; x_wconf 88' lang='lat' dir='ltr'><strong>etque</strong></span> <span class='ocrx_word' id='word_1_171' title='bbox 317 2097 396 2151; x_wconf 89' lang='lat' dir='ltr'><strong>etiam</strong></span> <span class='ocrx_word' id='word_1_172' title='bbox 406 2097 496 2167; x_wconf 86' lang='lat' dir='ltr'><strong>ipsum</strong></span> <span class='ocrx_word' id='word_1_173' title='bbox 509 2096 662 2152; x_wconf 87' lang='lat' dir='ltr'><strong>tribunatus</strong></span> <span class='ocrx_word' id='word_1_174' title='bbox 673 2114 774 2151; x_wconf 88' lang='lat' dir='ltr'><strong>annum</strong></span> <span class='ocrx_word' id='word_1_175' title='bbox 784 2097 862 2167; x_wconf 87' lang='lat' dir='ltr'><strong>quie-</strong></span> 
     </span>
     <span class='ocr_line' id='line_1_27' title="bbox 61 2171 861 2243; baseline -0.005 -15"><span class='ocrx_word' id='word_1_176' title='bbox 61 2173 186 2228; x_wconf 87' lang='lat' dir='ltr'><strong>teetotio</strong></span> <span class='ocrx_word' id='word_1_177' title='bbox 195 2172 584 2243; x_wconf 81' lang='lat' dir='ltr'><strong>transiit,gnarussubNerone</strong></span> <span class='ocrx_word' id='word_1_178' title='bbox 594 2171 861 2243; x_wconf 81' lang='lat' dir='ltr'><strong>temporum‚quibus</strong></span> 
     </span>
     <span class='ocr_line' id='line_1_28' title="bbox 62 2244 862 2318; baseline -0.006 -14"><span class='ocrx_word' id='word_1_179' title='bbox 62 2248 160 2305; x_wconf 85' lang='lat' dir='ltr'><strong>inertie</strong></span> <span class='ocrx_word' id='word_1_180' title='bbox 171 2263 221 2318; x_wconf 89' lang='lat' dir='ltr'><strong>pro</strong></span> <span class='ocrx_word' id='word_1_181' title='bbox 234 2246 364 2317; x_wconf 83' lang='lat' dir='ltr'><strong>sapientia</strong></span> <span class='ocrx_word' id='word_1_182' title='bbox 376 2244 436 2301; x_wconf 87' lang='lat' dir='ltr'><strong>luit.</strong></span> <span class='ocrx_word' id='word_1_183' title='bbox 475 2247 547 2301; x_wconf 84' lang='lat' dir='ltr'><strong>ldem</strong></span> <span class='ocrx_word' id='word_1_184' title='bbox 558 2253 695 2318; x_wconf 82' lang='lat' dir='ltr'><strong>praeturae</strong></span> <span class='ocrx_word' id='word_1_185' title='bbox 705 2254 778 2300; x_wconf 91' lang='lat' dir='ltr'><strong>tenor</strong></span> <span class='ocrx_word' id='word_1_186' title='bbox 788 2252 814 2299; x_wconf 88' lang='lat' dir='ltr'><strong>et</strong></span> <span class='ocrx_word' id='word_1_187' title='bbox 824 2246 862 2299; x_wconf 88' lang='lat' dir='ltr'><strong>si-</strong></span> 
     </span>
     <span class='ocr_line' id='line_1_29' title="bbox 62 2319 862 2378; baseline -0.004 -1"><span class='ocrx_word' id='word_1_188' title='bbox 62 2322 191 2378; x_wconf 79' lang='lat' dir='ltr'><strong>lentium:</strong></span> <span class='ocrx_word' id='word_1_189' title='bbox 217 2338 267 2376; x_wconf 88' lang='lat' dir='ltr'><strong>nec</strong></span> <span class='ocrx_word' id='word_1_190' title='bbox 285 2321 358 2375; x_wconf 85' lang='lat' dir='ltr'><strong>enim</strong></span> <span class='ocrx_word' id='word_1_191' title='bbox 377 2321 525 2376; x_wconf 88' lang='lat' dir='ltr'><strong>iurisdictio</strong></span> <span class='ocrx_word' id='word_1_192' title='bbox 543 2322 695 2376; x_wconf 87' lang='lat' dir='ltr'><strong>obvenerat.</strong></span> <span class='ocrx_word' id='word_1_193' title='bbox 734 2319 824 2374; x_wconf 87' lang='lat' dir='ltr'><strong>Ludos</strong></span> <span class='ocrx_word' id='word_1_194' title='bbox 836 2327 862 2374; x_wconf 90' lang='lat' dir='ltr'><strong>et</strong></span> 
     </span>
     <span class='ocr_line' id='line_1_30' title="bbox 61 2393 859 2466; baseline -0.006 -13"><span class='ocrx_word' id='word_1_195' title='bbox 61 2397 154 2453; x_wconf 87' lang='lat' dir='ltr'><strong>inania</strong></span> <span class='ocrx_word' id='word_1_196' title='bbox 168 2396 277 2451; x_wconf 88' lang='lat' dir='ltr'><strong>honoris</strong></span> <span class='ocrx_word' id='word_1_197' title='bbox 291 2395 477 2451; x_wconf 91' lang='lat' dir='ltr'><strong>moderationis</strong></span> <span class='ocrx_word' id='word_1_198' title='bbox 492 2404 571 2466; x_wconf 80' lang='lat' dir='ltr'><strong>atque</strong></span> <span class='ocrx_word' id='word_1_199' title='bbox 584 2394 762 2449; x_wconf 85' lang='lat' dir='ltr'><strong>abundantiae</strong></span> <span class='ocrx_word' id='word_1_200' title='bbox 773 2393 859 2459; x_wconf 85' lang='lat' dir='ltr'><strong>duxit,</strong></span> 
     </span>
     <span class='ocr_line' id='line_1_31' title="bbox 61 2469 862 2545; baseline -0.007 -16"><span class='ocrx_word' id='word_1_201' title='bbox 61 2474 103 2529; x_wconf 89' lang='lat' dir='ltr'><strong>uti</strong></span> <span class='ocrx_word' id='word_1_202' title='bbox 117 2471 348 2545; x_wconf 67' lang='lat' dir='ltr'><strong>longanimum,</strong></span> <span class='ocrx_word' id='word_1_203' title='bbox 364 2471 399 2525; x_wconf 88' lang='lat' dir='ltr'><strong>ita</strong></span> <span class='ocrx_word' id='word_1_204' title='bbox 409 2470 494 2525; x_wconf 85' lang='lat' dir='ltr'><strong>lamae</strong></span> <span class='ocrx_word' id='word_1_205' title='bbox 503 2470 617 2541; x_wconf 90' lang='lat' dir='ltr'><strong>propior.</strong></span> <span class='ocrx_word' id='word_1_206' title='bbox 658 2470 727 2524; x_wconf 81' lang='lat' dir='ltr'><strong>Tum</strong></span> <span class='ocrx_word' id='word_1_207' title='bbox 738 2469 862 2524; x_wconf 87' lang='lat' dir='ltr'><strong>eleotusa</strong></span> 
     </span>
     <span class='ocr_line' id='line_1_32' title="bbox 62 2543 862 2618; baseline -0.005 -16"><span class='ocrx_word' id='word_1_208' title='bbox 62 2546 149 2603; x_wconf 85' lang='lat' dir='ltr'><strong>Galba</strong></span> <span class='ocrx_word' id='word_1_209' title='bbox 162 2546 197 2601; x_wconf 85' lang='lat' dir='ltr'><strong>ad</strong></span> <span class='ocrx_word' id='word_1_210' title='bbox 207 2547 275 2601; x_wconf 89' lang='lat' dir='ltr'><strong>dona</strong></span> <span class='ocrx_word' id='word_1_211' title='bbox 285 2545 444 2617; x_wconf 84' lang='lat' dir='ltr'><strong>templorum</strong></span> <span class='ocrx_word' id='word_1_212' title='bbox 454 2543 674 2617; x_wconf 84' lang='lat' dir='ltr'><strong>reoognosoendn,</strong></span> <span class='ocrx_word' id='word_1_213' title='bbox 686 2543 862 2618; x_wconf 77' lang='lat' dir='ltr'><strong>diligentissi-</strong></span> 
     </span>
     <span class='ocr_line' id='line_1_33' title="bbox 61 2617 860 2694; baseline -0.003 -17"><span class='ocrx_word' id='word_1_214' title='bbox 61 2639 106 2678; x_wconf 87' lang='lat' dir='ltr'><strong>me</strong></span> <span class='ocrx_word' id='word_1_215' title='bbox 128 2621 323 2693; x_wconf 83' lang='lat' dir='ltr'><strong>oonquisitione</strong></span> <span class='ocrx_word' id='word_1_216' title='bbox 340 2619 411 2684; x_wconf 78' lang='lat' dir='ltr'><strong>lecit,</strong></span> <span class='ocrx_word' id='word_1_217' title='bbox 431 2636 464 2673; x_wconf 87' lang='lat' dir='ltr'><strong>ns</strong></span> <span class='ocrx_word' id='word_1_218' title='bbox 477 2619 555 2673; x_wconf 86' lang='lat' dir='ltr'><strong>ouius</strong></span> <span class='ocrx_word' id='word_1_219' title='bbox 568 2617 677 2674; x_wconf 88' lang='lat' dir='ltr'><strong>alterius</strong></span> <span class='ocrx_word' id='word_1_220' title='bbox 691 2619 860 2694; x_wconf 79' lang='lat' dir='ltr'><strong>saerilegium</strong></span> 
     </span>
     <span class='ocr_line' id='line_1_34' title="bbox 61 2693 849 2771; baseline -0.01 -19"><span class='ocrx_word' id='word_1_221' title='bbox 61 2696 225 2771; x_wconf 78' lang='lat' dir='ltr'><strong>respublica,</strong></span> <span class='ocrx_word' id='word_1_222' title='bbox 237 2713 320 2769; x_wconf 88' lang='lat' dir='ltr'><strong>quam</strong></span> <span class='ocrx_word' id='word_1_223' title='bbox 330 2694 442 2751; x_wconf 86' lang='lat' dir='ltr'><strong>Neronis</strong></span> <span class='ocrx_word' id='word_1_224' title='bbox 452 2693 587 2749; x_wconf 87' lang='lat' dir='ltr'><strong>sensisset.</strong></span> <span class='ocrx_word' id='word_1_225' title='bbox 845 2714 849 2721; x_wconf 96' lang='lat'>·</span> 
     </span>
    </p>
   </div>
   <div class='ocr_carea' id='block_1_3' title="bbox 598 2765 659 2827">
    <p class='ocr_par' dir='ltr' id='par_1_4' title="bbox 598 2765 659 2827">
     <span class='ocr_line' id='line_1_35' title="bbox 598 2765 659 2827; baseline 0 0"><span class='ocrx_word' id='word_1_226' title='bbox 598 2765 659 2827; x_wconf 67' lang='lat' dir='ltr'><strong>Si</strong></span> 
     </span>
    </p>
   </div>
   <div class='ocr_carea' id='block_1_4' title="bbox 0 0 980 3016">
    <p class='ocr_par' dir='ltr' id='par_1_5' title="bbox 0 0 980 3016">
     <span class='ocr_line' id='line_1_36' title="bbox 0 0 980 3016; baseline 0 0"><span class='ocrx_word' id='word_1_227' title='bbox 0 0 980 3016; x_wconf 95' lang='lat' dir='ltr'><strong> </strong></span> 
     </span>
    </p>
   </div>
  </div>
 </body>
</html>
