1950 3016
80 187 219 263 (cumr.)
266 197 478 247 ncauccnn.
499 201 579 248 cnr.
600 201 640 247 tr.
661 201 703 248 ιε.
834 195 883 250 283

82 306 196 373 gentum
209 307 312 369 partem
326 307 373 354 aut
386 300 494 356 victoria
507 300 658 372 amplexus,
678 309 724 357 aut
733 301 811 358 bello.
850 301 886 356 Et

82 392 146 430 oum
166 372 278 429 Cerialis
297 375 407 445 quidem
426 375 535 430 alterius
555 378 717 432 successoris
736 395 828 432 curam
846 374 885 430 fe·

82 466 212 519 mamque
234 449 381 515 obruisset,
407 451 536 505 sustinuit
553 468 663 522 quoque
682 450 778 506 molem
798 451 884 506 lulius

83 525 238 587 Frontinus,
255 525 297 579 vir
311 542 438 598 magnus,
452 534 585 596 quantum
597 525 701 589 licebat,
715 525 886 596 validamque

82 607 109 653 et
130 615 280 671 pugnacem
299 597 419 654 Silurum
437 608 545 674 gentem
562 601 647 655 armis
660 600 779 672 subegit3
803 617 885 669 super

82 675 210 729 virtutem
221 673 350 738 hostium,
361 673 480 730 locorum
492 691 601 747 quoque
609 673 778 731 difficultates
787 673 887 728 elucte-

141 826 183 877 l8.
204 823 282 878 Hunc
300 823 451 878 Britanniae
467 831 576 889 statum,
596 822 646 878 has
665 822 797 879 bellorum
813 823 886 879 vices

84 897 172 955 medie
187 898 242 951 iam
256 905 353 952 aestate
367 905 551 970 transgressus
566 899 688 972 Agricola
697 899 810 963 invenit,
823 915 886 954 curn

83 980 111 1029 et
118 971 228 1036 milites,
244 972 319 1028 velut
326 974 427 1027 omissa
436 973 612 1045 expeditione,
628 975 661 1029 ad
671 975 849 1036 securitatem,
861 979 887 1027 et

31 1099 33 1103 ,
84 1048 175 1103 hostes
184 1047 218 1101 ad
226 1048 391 1103 occasionem
402 1056 575 1104 verterentur.
605 1047 768 1104 Ordovicum
780 1049 884 1112 civitas,

83 1122 157 1177 haud
172 1121 258 1177 multo
272 1131 332 1177 ante
347 1122 490 1178 adventum
505 1124 574 1186 eius,
587 1122 666 1187 alam,
678 1126 706 1179 in
716 1123 817 1179 finibus
827 1124 886 1177 suis

83 1204 221 1270 egentem,
242 1213 324 1268 prope
343 1198 497 1253 universam
518 1198 673 1253 obtriverat:
705 1215 791 1269 eoque
810 1199 887 1252 initio

83 1280 169 1327 erecte
178 1272 358 1342 provincia,et
367 1272 468 1342 quibus
480 1271 581 1326 bellum
591 1271 742 1327 volentibus
753 1279 817 1335 erat,
824 1289 887 1341 pro-

84 1348 149 1403 bare
166 1345 331 1417 exemplum,
342 1355 388 1401 aut
397 1347 510 1400 recentis
528 1346 606 1418 legati
621 1347 743 1400 animum
758 1346 884 1416 opperiri.

84 1423 155 1479 Tum
165 1420 297 1494 Agricola,
312 1438 479 1492 quamquam
492 1427 621 1475 transacta
636 1429 731 1484 aestas,
742 1421 829 1490 sparsi
839 1437 887 1489 per

83 1497 251 1570 provinciam
272 1497 387 1561 numeri,
408 1504 579 1567 praesumpta
597 1494 669 1565 apud
683 1495 795 1549 militem
811 1493 887 1548 illius

84 1573 149 1629 enni
168 1572 257 1642 quies,
278 1571 351 1626 tarda
371 1578 396 1626 et
416 1572 545 1625 contraria
566 1569 667 1624 bellum
680 1569 845 1632 inchoaturo,
861 1575 888 1623 et

84 1647 222 1719 plerisque
234 1645 361 1700 custodiri
371 1652 493 1717 suspecta
503 1647 593 1716 potius
602 1644 750 1709 videbatur,
761 1644 801 1698 ire
809 1644 888 1698 obri-

84 1740 129 1779 am
139 1721 290 1776 discrimini
300 1721 404 1775 statuit:
425 1721 619 1791 contractisque
632 1720 769 1792 legionum
779 1718 886 1774 vexillis

84 1805 111 1850 et
125 1795 229 1851 modica
243 1795 405 1850 auxiliorum
420 1812 513 1860 manu,
534 1797 598 1866 quie
611 1795 639 1851 in
650 1812 767 1867 aequum
778 1794 886 1868 degredi

84 1869 231 1927 Ordovices
241 1887 293 1925 non
303 1870 444 1935 audebant,
465 1870 523 1941 ipse
532 1879 592 1925 ante
601 1887 706 1943 agmen,
728 1888 783 1943 quo
792 1870 885 1924 ceteris

84 1963 134 2017 prr
144 1946 252 2000 enimus
262 1943 345 1999 simili
356 1945 475 2015 periculo
484 1954 562 2010 esset,
574 1947 657 2001 erexit
666 1947 759 2001 aciem.
790 1944 887 1999 Caesa-

85 2037 140 2093 que
148 2020 365 2091 propeuniversa
375 2027 462 2092 gente,
478 2037 530 2075 non
542 2021 663 2094 ignarus,
678 2019 833 2074 instandum
847 2017 886 2072 la-

85 2111 155 2159 mae,
166 2112 206 2160 ac,
212 2101 290 2165 prout
300 2095 385 2165 prime
395 2095 547 2160 cessissent,
553 2095 608 2150 lore
618 2095 757 2160 univcrsa3
779 2093 885 2147 lllonam

84 2169 214 2234 insulam,
228 2187 242 2225 a
254 2169 332 2224 cuius
342 2170 508 2239 possessione
518 2179 668 2224 revocatum
679 2167 833 2222 Paullinum
844 2183 886 2220 re-

84 2243 201 2299 bellione
214 2245 296 2300 totius
310 2244 459 2298 Britannice
468 2262 550 2316 supra
560 2242 717 2306 memoravi,
727 2241 847 2314 redigere
856 2242 886 2295 in

84 2326 240 2390 potestatem
251 2319 340 2373 animo
350 2318 470 2375 intendit.
502 2318 563 2382 Sed,
575 2319 643 2372 utin
653 2317 744 2371 dubiis
754 2316 884 2380 consiliis,

85 2410 169 2449 naves
189 2392 310 2448 deerant:
342 2395 408 2448 ratio
426 2403 451 2448 et
470 2393 614 2448 constantia
632 2392 709 2446 ducis
727 2391 884 2446 transvexit.

84 2469 218 2539 Depositis
236 2468 362 2523 omnibus
381 2469 503 2533 sarcinis,
525 2467 682 2523 lectissimos
701 2466 884 2530 auxiliarium,

84 2544 188 2616 quibus
202 2552 263 2598 nota
273 2543 339 2600 vada
354 2551 380 2598 et
391 2545 493 2615 patrius
507 2542 588 2596 nandi
598 2559 675 2605 usus,
686 2557 741 2625 quo
750 2538 832 2596 simul
844 2556 887 2594 se

85 2637 139 2690 que
149 2626 175 2672 et
185 2636 258 2672 arma
269 2627 294 2672 et
304 2636 386 2690 equos
397 2626 502 2689 regunt,
514 2617 550 2670 ita
560 2625 666 2686 repente
675 2616 789 2679 iomisit,
800 2622 829 2671 ut
838 2614 887 2670 ob-

85 2693 226 2765 stupefacti
236 2693 335 2761 hostes,
346 2694 395 2765 qui
403 2692 526 2758 classem,
537 2691 586 2764 qui
597 2708 688 2758 naves,
698 2691 747 2763 qui
756 2707 830 2745 mare
839 2707 886 2745 ex-
