1950 3016
125 194 175 248 Μ
361 198 412 244 DE
430 196 686 245 nunciemus

125 298 234 355 etcultu
244 298 453 371 descriptionum
463 299 592 354 inritutus
600 306 781 371 etconruptus
789 304 841 362 est,
846 314 922 353 ever·

123 383 198 429 setin
216 374 358 428 dicentem.
397 374 503 447 Vulgus
515 391 625 445 quoque
636 373 824 427 adsistentium
837 381 864 427 et
876 371 923 426 ed-

123 448 211 503 lluens
224 457 251 504 et
265 466 351 522 regns
362 449 467 503 auditor
477 448 600 502 adsuerit
612 450 666 502 iem
680 448 788 521 exigere
797 447 922 502 laetitiam

122 532 149 579 et
163 523 392 595 pulchritudinem
405 524 545 585 orationis:
566 539 616 577 neo
629 524 717 596 magis
729 521 828 595 perfert
839 522 871 577 in
881 523 923 576 in-

122 599 202 654 diciis
215 599 318 653 tristem
333 607 360 652 et
373 599 499 670 inpexam
513 598 707 669 untiquitetem,
727 614 811 669 quern
822 597 847 650 si
860 597 922 669 quie

121 675 152 729 in
167 690 246 728 soene
260 674 348 728 lloscii
363 681 410 728 eut
422 674 566 744 Turpionis
579 672 698 726 Ambivii
712 673 865 742 exprimere
876 688 922 745 gu-

122 756 181 802 stus
192 748 265 802 velit.
304 749 360 802 lem
376 765 438 803 vero
451 749 563 802 iuvenes
577 747 641 801 etin
650 747 709 818 ipse
718 746 872 802 studiorum
880 748 921 801 in-

122 823 192 878 cnde
200 823 289 894 positi,
296 823 344 895 qui
355 822 487 894 proiectus
497 824 540 876 sui
550 839 645 877 ceum
652 829 768 876 oratores
778 829 919 886 sectentur,

123 915 176 953 non
195 896 284 952 solum
303 897 406 962 audire,
426 897 474 951 sed
491 899 571 951 etiem
584 895 682 951 relerre
692 895 805 951 domum
819 894 922 968 aliquid

121 971 237 1026 inlustre
250 979 276 1025 et
288 972 401 1044 dignum
416 973 545 1026 memorie
554 969 660 1026 volunt:
681 970 843 1043 traduntque
850 971 921 1027 iuvi·

121 1063 191 1109 cem,
208 1061 239 1099 ec
252 1062 332 1116 saepe
345 1047 374 1100 in
388 1045 504 1100 colonias
516 1063 547 1100 ec
555 1045 706 1115 provincius
714 1062 780 1100 sues
789 1046 919 1111 scribunt,

121 1121 181 1174 sire
199 1135 296 1174 sensus
314 1119 415 1190 uliquis
434 1128 527 1192 argute
540 1129 566 1174 et
579 1120 653 1174 brevi
667 1121 798 1175 sententie
812 1120 919 1186 effulsit,

121 1195 180 1249 sive
190 1193 265 1249 locus
274 1195 408 1266 exquisito
422 1203 448 1249 et
459 1195 560 1266 poetico
570 1194 643 1250 cultu
653 1195 758 1249 enituit.
797 1194 921 1283 Exiqitur

122 1270 195 1324 enim
205 1270 259 1323 iem
269 1269 303 1324 ub
311 1278 412 1325 oratore
422 1271 500 1324 etiem
510 1270 629 1341 poeticus
639 1269 726 1334 decor,
738 1286 793 1324 non
802 1271 867 1324 Attii
876 1277 921 1324 eut

122 1344 232 1399 Pacuvii
242 1352 349 1400 veterno
357 1346 525 1416 inquinatus,
536 1343 585 1398 sed
593 1361 627 1398 ex
635 1344 735 1398 Horatii
744 1352 771 1398 et
779 1344 886 1418 Virgilii
895 1350 920 1398 et

122 1419 223 1474 Luceni
233 1421 347 1475 secrerm
355 1419 483 1491 prolatus.
516 1419 616 1474 Horum
628 1419 710 1491 igitur
718 1419 832 1474 nuribus
841 1428 868 1474 et
879 1420 920 1473 iu-

121 1494 200 1549 diciis
208 1494 393 1565 obtemperans
405 1502 553 1550 nostrorum
564 1502 698 1548 oratorum
706 1501 789 1558 ectus,
804 1495 920 1567 pulcrior

121 1576 147 1623 et
159 1570 276 1623 ornatior
288 1570 397 1624 exstitit.
437 1570 530 1640 Neque
544 1568 603 1623 ideo
618 1569 710 1623 minue
724 1568 845 1624 ellieeoes
858 1576 920 1623 sunt

120 1645 252 1699 cretiones
266 1651 379 1709 nostrae,
397 1644 462 1716 quie
476 1643 510 1698 ed
522 1659 600 1697 eures
613 1643 790 1698 iudicantium
801 1660 864 1698 cum
875 1660 921 1699 vu·

120 1715 221 1788 luptete
233 1719 402 1788 perveniunt.
441 1716 513 1785 Quid
526 1719 610 1782 onim,
630 1718 654 1772 ei
665 1717 812 1772 infirmiore
823 1719 920 1774 horum

120 1798 269 1860 temporum
280 1793 378 1863 templa
387 1793 488 1858 credes,
495 1793 559 1864 quie
570 1810 622 1847 nou
632 1791 693 1846 rudi
703 1801 840 1848 coemento
849 1793 922 1848 etin·

120 1862 252 1918 lormibus
266 1867 363 1938 tegulis
381 1875 565 1933 exstruuntur,
586 1866 634 1922 sed
647 1884 781 1922 marmore
794 1868 880 1923 nitent
895 1874 921 1922 et

120 1956 184 1994 euro
195 1939 349 1994 radientur?

174 2016 216 2069 ut.
238 2014 370 2086 Equidem
390 2013 471 2068 leteor
484 2014 562 2070 vobis
581 2013 747 2087 simpliciter,
763 2032 808 2070 mc
820 2016 849 2070 in
859 2018 921 2088 qui·

119 2088 234 2143 busdam
249 2091 421 2161 antiquorum
435 2090 592 2154 virricum,
612 2091 641 2144 in
656 2090 820 2162 quibusdem
831 2100 920 2145 eutem

119 2164 166 2219 vix
176 2181 301 2219 somnum
312 2173 409 2218 tenere.
448 2164 503 2218 Neo
513 2182 599 2218 unum
609 2164 643 2219 de
652 2163 760 2236 populo,
774 2164 919 2220 Canutium

119 2246 165 2292 eut
179 2238 286 2293 Arrium
301 2239 477 2303 Furniumve,
497 2239 649 2303 nominabo,
670 2255 795 2311 quosque
810 2239 878 2295 elios
891 2241 918 2294 in

119 2312 211 2367 codem
226 2313 417 2369 valetudinario
429 2313 495 2367 heco
507 2330 567 2367 osee
580 2313 680 2367 ethaeo
688 2316 787 2368 macies
796 2316 917 2385 probant

120 2386 179 2457 lpse
189 2388 256 2442 mihi
267 2387 376 2453 Calvus,
389 2405 452 2442 cum
462 2404 547 2442 unum
557 2395 583 2441 et
593 2388 698 2460 viginti,
711 2395 825 2459 utputo,
839 2389 918 2444 libros

120 2461 266 2533 reliquerit,
288 2463 335 2517 vix
349 2463 377 2517 in
394 2480 447 2517 unu
461 2470 506 2518 eut
515 2461 595 2517 ultera
605 2462 771 2517 oratiuncula
782 2464 916 2519 eetisleoit

114 2536 173 2591 Nee
182 2536 324 2592 dissentire
334 2545 433 2593 cetoros
442 2538 476 2592 eb
486 2537 535 2591 hoe
546 2536 713 2592 meoiudicio
724 2537 812 2592 video.
848 2538 917 2607 Quo-

107 2620 152 2667 tus
169 2615 246 2672 enim
263 2616 387 2691 quisque
401 2613 481 2672 Calui
492 2614 526 2668 in
537 2612 655 2667 esitium
663 2611 920 2664 uutinmnsnmls·

56 2752 60 2761 ,
90 2689 161 2765 gir?
189 2693 229 2751 tt
250 2694 376 2755 Hercule
394 2695 432 2753 in
450 2689 604 2750 burdinum
620 2681 944 2740 eludxuwwwffilm
