1950 3016
97 179 147 231 318
333 182 385 229 nl
403 180 660 229 oneremus

95 283 236 348 informes,
250 282 899 355 etquosutinamnoinillaparteimitatnsessst

96 358 197 413 cervus
215 366 313 423 resta,
331 366 379 413 aut
396 357 514 423 Coelius,
534 368 581 413 aut
599 359 658 429 ipra
671 357 776 415 cisun.
812 359 899 432 Agere

96 434 170 488 enim
184 432 281 487 fortius
293 434 349 488 iarn
363 441 389 487 et
401 433 545 488 audentius
554 432 624 498 volo,
637 434 662 489 si
673 432 744 489 iliud
751 441 814 489 ante
822 451 900 506 prae·

96 508 304 571 dixerqmouri
313 525 376 563 oum
386 509 552 579 temporibus
561 507 900 582 formasquoqueotgeno·

95 601 126 639 ra
144 583 260 639 dioendi.
298 581 344 636 Sic
357 581 450 637 Catoni
463 585 523 638 seni
534 592 704 655 oompnntus
716 582 749 639 C.
760 583 898 641 ursonem

96 658 201 730 plenior
219 666 246 712 et
265 657 387 723 uberior;
416 658 457 711 sio
475 657 596 713 Graoeho
614 657 721 728 politior
738 665 768 715 et
783 660 899 715 ornatior

96 733 227 799 Crassua3
247 733 287 786 sio
305 741 419 804 numne
437 731 585 789 distinetior
603 741 631 789 et
643 732 772 789 urbanior
784 742 812 789 et
823 733 898 791 altior

97 807 203 873 Cioero3
224 806 351 862 Cicerone
365 808 456 863 mitior
468 806 601 863 Corvinus
614 816 641 863 ot
651 807 757 863 duieior
765 816 792 865 et
800 809 831 863 in
840 825 898 865 rer·

95 882 140 939 bis
149 883 237 955 magis
246 881 405 937 elaboratus.
428 883 601 953 Nonquaerq
612 883 677 954 quis
685 882 896 939 disertissimus:

96 957 149 1012 hoo
165 957 274 1011 interim
288 956 417 1026 probasse
430 965 569 1012 oontentus
582 974 656 1023 sum,
675 975 730 1013 non
742 975 804 1013 aare
812 975 896 1015 unun

97 1031 264 1102 eloquentiae
279 1030 394 1094 vultum.
417 1031 465 1086 sed
478 1032 507 1086 in
517 1031 573 1086 iltis
581 1049 701 1104 quoque,
719 1050 790 1104 quos
800 1034 896 1089 voeatis

96 1106 231 1176 antiquos,
246 1104 340 1176 plures
352 1106 457 1176 species
469 1106 647 1178 deprehendi:
667 1124 719 1161 neo
727 1109 820 1163 sotim
828 1108 897 1163 dete-

96 1181 156 1235 rius
165 1197 234 1244 esse,
248 1180 322 1252 quod
330 1180 468 1235 diversum
478 1190 531 1249 est;
551 1182 618 1237 vitio
624 1189 715 1236 autem
724 1181 896 1255 malignitatis

96 1255 232 1310 humanae
241 1264 328 1309 vetera
338 1272 444 1326 semper
453 1256 483 1311 in
491 1255 579 1322 laude.
595 1258 745 1328 praesentia
753 1257 784 1311 in
795 1255 897 1313 fastidio

97 1347 166 1385 esee.
205 1331 278 1385 Num
297 1329 468 1396 dubitamus,
488 1333 625 1396 inventos,
645 1332 696 1403 qui
714 1348 780 1402 prae
802 1332 896 1387 Catone

96 1405 217 1476 Appium
231 1404 346 1459 Caecum
361 1407 449 1478 magis
463 1404 641 1461 mirarentur?
657 1405 728 1461 Setis
743 1416 855 1472 mnatat,
865 1423 896 1462 ne

96 1479 217 1535 Ciceroni
227 1479 339 1551 quidem
348 1480 533 1535 obtrectatores
541 1480 668 1545 defuisse,
678 1481 783 1553 quibus
791 1481 896 1537 inflatus

96 1563 123 1609 et
132 1562 249 1619 tumens,
266 1572 315 1609 nec
324 1556 390 1611 satis
399 1572 519 1627 pressm
534 1555 583 1610 sed
594 1573 676 1626 supra
686 1556 799 1611 modum
809 1555 897 1613 exsul-

96 1637 156 1684 tans
166 1638 192 1684 et
200 1628 368 1700 superfluens
382 1637 408 1684 et
416 1647 512 1702 parum
522 1631 626 1685 Atticus
634 1629 780 1685 videretur.
820 1631 897 1705 Legi-

96 1705 146 1759 stis
162 1710 256 1775 utique
268 1713 295 1759 et
308 1703 384 1759 Calvi
397 1713 423 1759 et
436 1705 510 1759 Bruti
524 1705 559 1760 ad
570 1704 723 1761 Ciceronem
734 1706 834 1763 misses
843 1706 897 1778 epi-

96 1777 188 1840 stotae,
200 1779 344 1850 exquibus
355 1778 695 1851 iacileestdepreheodero,
711 1778 828 1835 Calvum
838 1781 897 1853 qui-

96 1852 159 1908 dem
174 1852 295 1908 Cioeroni
311 1855 401 1909 visum
413 1871 578 1927 exsanguem
592 1863 619 1909 et
626 1854 764 1921 adtrituna¹
784 1856 897 1913 Brutum

96 1936 186 1983 autem
200 1927 316 1983 otiosum
330 1938 411 2000 atque
420 1928 599 1984 disiunctum:
620 1946 782 2001 rursusque,
794 1930 898 1987 Cicero-

96 2018 159 2057 nem
173 2001 280 2058 aCalvo
289 2003 400 2074 quidem
415 2004 484 2057 niele
493 2003 610 2068 audisse,
631 2010 770 2075 tamquam
780 2005 897 2061 solutum

96 2088 122 2131 et
131 2094 269 2132 enervem:
290 2078 396 2133 aBruto
405 2087 504 2143 autem,
514 2087 545 2132 ut
554 2079 641 2150 ipsius
651 2079 741 2133 verbis
751 2089 823 2145 uter,
833 2089 898 2135 tam·

96 2169 179 2223 quam
203 2150 316 2207 tractum
341 2160 422 2223 atque
444 2151 590 2207 elumbem.
629 2151 659 2209 Si
677 2170 722 2208 me
740 2154 895 2228 interroges,

96 2244 190 2280 omnes
200 2226 268 2281 mihi
279 2226 403 2283 videntur
414 2244 508 2282 verum
518 2227 629 2284 dixisse.
662 2227 715 2283 Sed
725 2246 790 2286 mox
799 2232 834 2286 ad
842 2232 897 2285 sin-

96 2300 175 2373 gulos
186 2303 306 2369 veniam3
327 2318 400 2355 nuno
409 2301 477 2356 mihi
487 2319 549 2356 oum
560 2303 694 2356 universis
706 2306 895 2377 negotiumest.

153 2379 194 2431 te.
215 2377 294 2440 Nam.
310 2384 443 2448 quatenos
456 2377 627 2448 antiquorum
642 2377 817 2435 admiratores
827 2382 897 2436 huno

96 2449 171 2505 velut
183 2451 327 2507 terminum
342 2451 508 2523 antiquitatis
526 2453 686 2507 eonstituere
699 2452 795 2520 solent,
816 2473 896 2528 quem

96 2525 226 2597 usquead
237 2525 361 2581 Cassium
371 2525 500 2581 Severum
509 2525 619 2591 iaciunt,
628 2544 710 2598 quem
721 2531 843 2600 primum
853 2530 896 2585 ad-

80 2598 198 2658 lr'rmant
207 2600 319 2663 flexisse
329 2603 366 2663 ab
376 2602 424 2661 ilia
434 2601 896 2673 ietereotquedueotadxeeudw'n:

69 2690 129 2732 uon
146 2679 318 2741 infirmitate
329 2682 456 2762 ingenii,
468 2697 524 2739 neo
533 2672 917 2733 determinassem
