1950 3016
66 179 191 255 noar.)
263 191 343 238 nin.
362 189 410 239 iv.
429 191 520 239 ohe.
540 192 663 239 ss-ss.
818 186 868 241 tar

65 288 131 355 lies,
156 307 210 347 non
229 298 260 347 ut
280 291 351 347 mele
369 290 556 364 loquebantur.
594 292 626 347 ld
645 291 747 351 bellum
763 294 867 367 quibus

63 365 171 421 caussis
179 373 279 431 ortum,
289 375 390 439 quanto
400 377 571 423 externarum
584 368 771 441 sociarumque
779 371 868 443 genti-

65 458 111 497 um
129 439 377 514 motuilegrnverit,
392 442 473 497 altius
482 442 633 513 expediam.
670 442 867 508 Batari‚d0neo

63 522 138 571 tram
147 516 272 573 Rhenum
283 517 404 590 egebant,
415 534 477 587 pars
487 516 633 581 Cosmum,
640 517 768 573 seditione
775 520 867 574 dorne-

62 590 227 662 estenputh,
247 600 365 647 extrema
383 591 500 648 Gallione
518 609 690 656 emericus
708 592 865 658 cultoribus,

61 665 334 795 simulffininsnlam
349 668 417 723 inter
431 667 498 722 rada
508 668 587 723 sitam
598 684 772 738 occupauere,
783 684 866 740 quem

62 757 138 797 mere
217 759 284 795 num
295 758 309 797 e
321 740 414 807 fronte,
428 742 539 797 Rhenus
547 743 637 797 amnis
647 752 752 815 tergum
762 760 793 797 ao
802 744 867 799 iate-

62 832 90 871 η
100 815 266 871 eiroumluit.
306 817 360 873 Neo
369 817 466 887 opibus
475 817 611 880 Romanis,
622 819 745 873 moerere
756 818 866 873 validio-

61 890 241 955 ruruadtriti,
249 891 320 946 virus
329 900 431 947 tentum
442 909 570 964 armaque
579 892 692 964 imperio
703 893 863 951 ministrant.

62 964 113 1021 Diu
125 965 295 1023 Germanicis
308 966 386 1022 hellis
398 968 520 1023 exerciti:
543 984 605 1023 mox
618 978 694 1023 aucte
704 985 752 1039 per
761 969 865 1024 Britan-

62 1042 136 1097 nism
151 1040 247 1113 gioria.
264 1042 429 1096 transmissis
445 1041 508 1097 illue
521 1042 685 1109 cohortibus,
698 1060 767 1114 ques
778 1055 864 1101 vetere

61 1116 186 1171 instituto
194 1114 356 1171 nobilissimi
367 1115 536 1187 popularium
545 1119 680 1191 regebant.
709 1118 773 1174 Erat
781 1120 865 1175 etde·

62 1192 100 1247 mi
110 1190 232 1245 deieotus
241 1193 483 1263 eques,praeoipno
492 1193 572 1247 nandi
582 1194 758 1256 studio‚arma
767 1211 865 1266 equos-

61 1283 116 1339 que
125 1267 254 1328 retinens.
266 1266 378 1339 integris
388 1268 484 1321 turnus
495 1268 618 1322 Rhenum
630 1284 811 1338 perrumpens.

118 1344 162 1397 tt.
183 1339 269 1395 lulius
278 1341 386 1397 Paullus
396 1340 561 1397 etClaudius
570 1341 676 1403 Civilis,
738 1343 863 1411 'estirps‚

62 1416 411 1473 multooeterosanteihant.
445 1416 568 1472 Paullum
579 1416 705 1470 Fonteius
736 1415 865 1486 apitoiul·

61 1508 91 1548 so
106 1489 261 1547 rsheilionis
275 1493 389 1547 erimine
401 1490 545 1547 interfecit:
566 1491 677 1545 iniectae
696 1489 776 1545 Civili
796 1499 866 1545 onte-

61 1584 122 1630 nse,
138 1568 297 1637 missusque
309 1567 342 1621 ad
357 1568 488 1621 Neronem
498 1573 547 1621 eta
558 1564 642 1621 Galba
652 1564 801 1629 absolutus,
812 1566 865 1621 suh

61 1640 170 1697 Vitellio
184 1659 280 1697 rursus
292 1641 438 1696 discrimen
453 1641 528 1705 adiit,
548 1639 682 1714 flagitante
700 1640 865 1713 supplicium

60 1717 122 1773 eius
130 1716 260 1771 exercitu.
299 1717 365 1771 lude
373 1734 484 1771 sarissas
493 1718 605 1780 herum,
616 1732 734 1788 spesque
742 1734 775 1773 ex
786 1716 864 1773 melis

61 1792 173 1847 omnis.
212 1789 264 1846 Sed
273 1790 379 1855 Civilis,
390 1791 551 1863 ultraquam
562 1791 682 1847 harhnris
692 1791 811 1856 solitum,
822 1794 866 1848 in·

61 1867 143 1941 genio
155 1864 261 1925 sollers.
275 1874 303 1920 et
316 1866 463 1921 Sertorium
472 1883 503 1921 ss
525 1874 572 1922 sut
580 1866 755 1923 Hannibalem
766 1867 863 1932 ferens,

62 1940 149 1997 simili
163 1941 218 1994 oris
231 1940 473 2005 dehonestamento,
488 1958 522 1996 ne
531 1950 562 1997 nt
572 1942 641 1997 hosti
653 1942 760 1998 obvium
771 1945 863 2007 iretur,

61 2016 111 2071 sis
123 2014 224 2086 populo
233 2016 351 2071 Romano
360 2016 448 2088 palem
457 2016 623 2082 descivisset,
630 2017 786 2088 Vespasiani
796 2018 866 2071 ami-

61 2091 154 2145 dtism
164 2090 342 2162 studiumque
351 2092 467 2162 partium
477 2092 637 2162 praetendit:
656 2093 748 2146 missis
758 2107 822 2145 sane
832 2090 866 2145 ad

63 2182 127 2221 eum
143 2165 226 2219 Primi
240 2165 348 2220 Antonii
364 2166 467 2230 litteris,
481 2167 584 2238 quihus
597 2174 715 2222 avertere
728 2165 809 2220 accita
820 2165 867 2218 Vi-

62 2239 137 2295 tellio
151 2239 252 2295 auxilia
263 2248 301 2305 et,
317 2240 449 2296 tumultus
463 2241 614 2297 Germanioi
628 2241 726 2311 speeie,
737 2248 866 2293 retentare

64 2314 184 2389 legiones
193 2314 344 2371 iubebatur.
382 2316 483 2371 Eadem
492 2316 657 2371 Hordeonius
670 2314 780 2369 Flemus
791 2330 867 2384 prse-

64 2408 128 2447 sens
138 2400 286 2456 monuerat,
300 2391 425 2447 inolinsto
435 2393 463 2447 in
472 2391 666 2462 Vespasianum
674 2390 805 2451 animost
815 2389 867 2445 rei-

64 2466 190 2539 publiose
209 2484 287 2533 onra;
307 2468 351 2522 oui
367 2467 502 2528 excidium
520 2465 687 2528 adventabat,
708 2465 732 2519 si
752 2463 867 2519 redinte-

64 2550 174 2616 grstnm
189 2540 291 2597 bellum
305 2550 331 2598 et
346 2550 384 2598 tot
397 2550 562 2598 armatorum
575 2538 666 2597 millio
675 2539 788 2596 haiim
793 2540 880 2593 ‘unru-

56 2619 171 2683 ltisfflss‘»
872 2681 880 2693 .

106 2689 146 2739 Η·
167 2688 257 2760 ¹8¹'tur
267 2691 378 2765 Civilis,
397 2697 589 2759 desoisoendi
596 2688 928 2765 reiensooohtetm·

77 2755 186 2815 narres
203 2763 241 2821 ΙΙ,
669 2774 707 2835 Q
