1950 3016
80 194 105 233 s.
115 193 139 233 c.
152 175 202 251 to.)
300 186 377 233 nra.
397 187 417 233 r.
437 186 527 235 car.
545 188 588 235 oa.
609 186 650 235 oa.
842 184 875 239 ts

79 304 131 360 que
151 285 272 342 faventes
289 287 427 353 vocabant,
446 288 520 360 qrtod
532 290 592 344 sine
606 288 691 354 modo,
708 290 876 349 sineiualicio

79 363 256 428 donaretsua,
267 361 408 437 largiretur
416 361 512 420 aliena.
549 363 645 429 Simul,
657 366 780 420 aviditate
789 369 876 438 impe-

80 439 164 502 randi,
180 440 240 510 ipsa
253 441 319 493 vitia
332 456 381 510 pro
392 440 537 494 uirtutibus
549 441 787 511 interpretabantur
796 443 875 496 multi

79 515 106 569 in
120 524 238 586 utroque
253 515 381 577 exercitu,
396 515 465 570 siunt
480 516 591 569 modesti
606 518 752 587 quietique,
766 518 800 571 ita
812 518 874 572 mali

81 591 227 645 etstrenui.
267 588 321 643 Sed
333 587 439 659 profusa
452 591 578 661 cupitline
587 599 612 644 et
622 592 721 664 insigni
734 595 875 647 temeritate

81 663 154 739 legati
171 664 320 739 legionum,
337 663 447 718 Alienus
458 665 571 720 Caecina
585 675 610 719 et
620 666 718 720 Fabius
731 666 838 721 Valens:
861 684 875 720 e

80 741 179 811 quibus
190 739 299 804 Valens,
317 738 436 794 iniuratus
451 740 559 805 Galbae,
575 750 712 813 tamquam
722 741 875 795 ‹letectama

80 832 106 870 se
118 815 242 889 ¹¹tergiuii
258 816 460 880 cunctationem,
474 832 600 886 oppressa
615 816 750 888 Capitonis
764 816 874 871 consilia

79 891 180 964 ingrate
196 889 312 955 tulisset,
327 891 453 964 instigare
468 890 615 956 Vitellium,
630 897 750 946 oratorem
763 896 875 946 utilitum

79 975 221 1021 motans.
243 966 331 1033 lpaum
341 968 434 1020 celebri
442 969 536 1034 ubique
544 972 631 1035 sorno:
650 971 750 1023 nullom
758 973 787 1022 t'n
796 968 875 1021 Ftoo-

80 1058 107 1095 oo
123 1042 274 1096 Hordeonio
292 1057 406 1094 marom:
436 1045 526 1110 adfore
545 1042 724 1097 Britanniam:
752 1053 874 1097 scotera

82 1116 270 1172 &nocuerunt
282 1119 402 1170 comitio:
421 1120 489 1169 mole
501 1120 567 1184 fidae
573 1123 736 1185 provinciae:
754 1124 875 1186 precari-

79 1197 186 1247 oosam‘
196 1195 334 1259 imperium
342 1199 367 1244 at
377 1193 448 1244 breui
458 1198 636 1247 transiturum.
666 1194 790 1248 Ponderet
801 1199 875 1246 modo

79 1265 621 1323 nnumetoerse'eratiFortuooeoccorreret.
641 1269 735 1323 Merito
745 1272 876 1323 dubitasse

83 1343 239 1412 l'erpa'm'um,
254 1346 368 1410 equestre
380 1345 491 1412 (omnio,
506 1347 593 1411 iprsoto
603 1352 695 1410 potres
714 1349 840 1410 ioporm,
851 1348 876 1396 ct

79 1423 214 1486 recepisset
229 1420 475 1483 importumtatem,
489 1421 672 1472 airacuaosaet.
714 1418 814 1470 Vitellio
825 1427 876 1470 tres

78 1498 161 1560 potm'a
176 1494 336 1553 consulatue,
352 1507 495 1555 emeram,
508 1495 649 1560 conlapsum
661 1491 789 1554 Caesarie,
801 1501 824 1545 at
834 1497 876 1544 in-

77 1584 170 1636 ponere
189 1570 345 1633 iampridem
356 1570 521 1634 imperatorie
532 1571 714 1636 dipnott'ottern,
734 1576 759 1621 et
771 1573 876 1636 auferre

77 1647 175 1711 pricota'
184 1646 357 1696 securitatum

129 1720 175 1773 83.
196 1715 371 1782 Quotiebatur
384 1713 428 1771 bis
443 1733 523 1789 segne
538 1716 686 1790 ingenium,
705 1725 735 1771 ut
745 1718 875 1789 eoncupi-

79 1800 161 1848 sceret
169 1792 268 1865 magis,
281 1807 363 1863 mam
375 1798 405 1845 ut
414 1798 539 1862 speraret.
578 1791 613 1846 m
626 1793 654 1846 in
663 1793 799 1863 superiore
807 1793 874 1850 Ger-

79 1871 167 1922 mania
181 1865 304 1931 Csecina,
320 1865 412 1920 decora
427 1867 543 1931 iuventa,
558 1867 778 1941 corporeingens,
790 1870 873 1923 animi

78 1942 239 2006 inmodicus,
255 1942 321 1996 scito
335 1958 466 2006 sermone,
481 1949 565 1996 erecto
576 1943 693 2007 incessu,
703 1943 791 1997 studia
802 1943 874 1999 mili-

78 2025 134 2072 tum
148 2016 288 2072 inlexerat.
328 2017 405 2070 Hunc
417 2019 543 2071 iuvenem
559 2016 651 2082 Galba,
667 2028 832 2090 quaestorem
845 2020 872 2073 in

78 2092 190 2156 baetica,
210 2092 317 2164 inpigre
330 2093 357 2145 in
371 2100 459 2162 partes
473 2110 537 2146 suas
549 2101 754 2165 transgressum,
776 2093 873 2166 legioni

77 2167 244 2240 praeposuit:
275 2183 339 2221 mox
365 2175 543 2237 compertum,
572 2167 707 2238 publicam
731 2170 872 2240 pecuniam

78 2244 215 2307 avertisse,
231 2249 262 2296 ut
276 2239 451 2312 peculatorem
462 2241 572 2316 llaom'tari
583 2244 669 2297 iussit.
709 2243 819 2298 Caecina
830 2260 873 2296 ae-

77 2334 241 2392 gropassus,
256 2318 368 2371 miscere
377 2326 470 2372 ounma
479 2326 505 2372 et
515 2319 616 2388 privata
625 2319 735 2373 vulnera
745 2317 874 2387 reipubli-

77 2392 324 2463 memalisoperire
334 2393 432 2447 statuit.
454 2394 508 2447 Nec
517 2393 624 2447 deerant
634 2395 661 2447 in
671 2393 785 2446 exercitu
793 2393 874 2446 semi-

78 2486 111 2523 na
119 2467 279 2532 discordiae,
285 2467 359 2538 quod
367 2475 393 2521 et
401 2465 471 2523 bello
481 2467 609 2527 adversus
616 2467 754 2523 Vindicem
765 2469 873 2521 univer-

78 2562 125 2599 sus
145 2541 275 2605 adfuerat,
296 2559 354 2607 uec,
375 2543 428 2597 nisi
446 2544 533 2598 occiso
551 2544 662 2606 Nerone,
685 2540 825 2596 translatus
844 2544 872 2597 in

79 2619 202 2684 Galbam,
218 2627 298 2690 atque
308 2617 336 2672 in
346 2634 376 2673 eo
385 2621 444 2690 ipso
454 2627 616 2672 sacramento
627 2616 732 2672 vexillis
741 2616 873 2672 inferioris

79 2693 238 2749 Germaniae
251 2701 411 2764 praeventus
424 2700 487 2749 erat.
527 2692 682 2750 litlreueri
690 2692 890 2769 aclbmgones,

116 2768 220 2822 l'acrros
236 2767 268 2822 ΙΙ.
660 2769 687 2831 Ω
