1950 3016
88 182 214 256 uera.)
288 191 370 237 nra.
390 190 444 237 111.
465 192 553 238 cae.
574 193 615 240 aa.
638 192 680 239 aa.
840 189 888 241 ret

90 298 143 347 ter:
165 289 199 344 de
209 288 339 345 Cremona
352 292 382 346 in
396 301 531 347 neutrum.
570 292 718 359 Exercitus,
735 302 836 365 praeter
846 295 889 350 in-

88 366 171 421 sitam
190 365 334 434 praedandi
353 367 517 436 cupidinem,
534 373 621 421 vetere
633 367 694 422 odio
707 368 741 422 ad
754 369 888 424 excidium

88 439 313 495 Cremonensium
332 440 465 495 incubuit.
505 441 608 495 iuvisse
619 449 707 511 partes
723 443 887 508 Vitellianas,

89 513 204 569 Othonis
215 530 323 585 quoque
331 512 411 578 bello,
423 514 610 569 credebantur:
627 532 689 569 mox
699 517 889 570 tertiadecima-

89 607 150 651 nos,
167 587 201 641 ad
216 587 407 643 exstruendum
421 589 646 658 amphitheatrum
660 589 773 654 relictos,
784 601 814 645 ut
827 599 889 644 sunt

88 663 212 735 procacia
231 662 348 716 urbanae
360 662 447 733 plebis
462 664 578 734 ingenia,
598 661 780 733 petulantibus
793 666 889 736 iurgiis

89 736 248 792 inluserunt.
278 735 361 790 Auxit
370 737 501 791 invidiam
511 737 611 791 editum
621 737 700 791 illice
711 737 821 793 Caecina
832 739 890 811 gla-

88 812 223 867 diatorum
236 809 431 881 spectaculum:
453 810 599 882 eademque
613 829 708 866 rursus
723 812 786 866 belli
797 813 888 868 sedes:

89 895 116 940 et
130 884 244 956 praebiti
260 886 287 938 in
298 885 354 938 acic
362 883 511 940 Vitellianis
521 886 588 939 cibi:
610 902 700 940 caesae
709 887 839 958 quaedam
852 886 889 941 lo-

89 960 191 1022 minae,
198 958 286 1014 studio
295 959 412 1029 partium
423 959 456 1013 ad
466 959 595 1029 proelium
607 976 769 1032 progressae.
809 962 888 1015 Tem-

89 1051 143 1105 pus
154 1050 263 1104 qucque
273 1042 403 1089 mercatus
413 1033 496 1087 ditem
505 1033 605 1105 alioqui
616 1035 745 1089 coloniam
756 1038 886 1090 maiorum

89 1125 176 1179 opum
201 1109 289 1178 specie
312 1107 468 1179 complebat.
508 1107 592 1163 Ceteri
612 1109 693 1163 duces
713 1110 741 1163 in
759 1110 887 1164 obscuro.

89 1182 239 1239 Antonium
249 1181 352 1236 fortuna
365 1182 487 1253 famaque
496 1185 616 1238 omnium
627 1183 711 1239 oculis
721 1194 888 1253 exposuerat:

89 1258 116 1311 ls
127 1255 237 1311 balneas
247 1256 379 1311 abluendo
387 1258 474 1311 cruori
483 1275 594 1328 propere
603 1260 677 1327 petit.
710 1258 825 1328 Excepta
836 1274 891 1312 rou

89 1340 141 1396 est,
156 1348 220 1385 cum
234 1340 350 1402 teporem
364 1332 506 1397 incusaret,
525 1337 612 1386 stetim
626 1337 743 1400 futurum
753 1340 781 1383 ut
791 1336 890 1384 incele-

88 1415 199 1463 acerem.
239 1405 343 1461 Vernile
351 1405 452 1460 dictum
463 1423 569 1460 omnem
579 1405 709 1459 invidiam
720 1405 748 1458 in
758 1421 819 1458 eum
831 1421 890 1458 ver-

89 1481 130 1546 tit,
144 1488 282 1551 tamquam
296 1481 404 1552 signum
418 1479 597 1534 incendendae
607 1478 751 1533 Cremonae
762 1479 887 1543 dedisset,

89 1572 161 1628 quae
170 1555 225 1609 iam
235 1553 369 1626 flagrabat.

147 1633 190 1684 33.
212 1627 390 1702 Quadraginta
404 1637 565 1684 armatorum
580 1627 664 1682 millia
674 1627 808 1697 inrupere,
820 1626 890 1682 calo-

88 1721 159 1761 num
174 1703 344 1774 lixarumque
357 1704 470 1774 amplior
485 1720 623 1766 numerus,
636 1702 697 1757 etin
710 1701 848 1757 libidinem
858 1721 889 1756 ac

89 1779 230 1834 saevitiam
245 1779 405 1848 conruptior.
445 1779 503 1832 Non
518 1778 642 1851 dignitas,
661 1795 712 1831 non
723 1785 793 1831 aetas
803 1786 889 1847 proto-

88 1853 179 1927 gebat,
195 1854 342 1924 quominus
353 1861 445 1922 stupra
458 1852 593 1916 caedibus,
608 1851 700 1907 caedes
714 1853 825 1922 stupris,
837 1853 889 1906 mi-

88 1935 238 1983 scerentur.
278 1926 447 1981 Grandaevos
462 1943 549 1991 senes,
565 1935 654 1980 exacta
669 1936 750 1982 aetate
764 1926 886 1990 laminas,

89 2001 160 2058 viles
170 2001 203 2056 ad
212 2001 347 2072 praedam,
359 2002 387 2055 in
398 1999 545 2061 ludibrium
557 2001 702 2056 trabebant.
738 2002 789 2055 llbi
800 2000 889 2054 adulta

90 2078 168 2148 virgo
187 2084 233 2129 aut
251 2077 314 2147 quis
329 2075 412 2130 forma
427 2078 586 2146 conspicuus
596 2077 742 2139 incidisset,
763 2076 791 2128 vi
802 2075 890 2128 mani-

88 2150 199 2221 busque
207 2152 367 2220 rapientium
377 2150 511 2214 divulsus,
521 2152 593 2222 ipsos
603 2160 735 2221 postremo
744 2148 888 2217 direptores

89 2226 119 2280 in
130 2232 253 2279 mutuam
263 2226 408 2295 perniciem
419 2225 520 2297 agebat.
545 2226 614 2279 Dum
625 2225 766 2296 pecuniam
777 2221 818 2275 vel
828 2239 890 2292 gra-

92 2300 135 2355 via
147 2316 213 2353 auro
223 2298 382 2368 templorum
391 2299 459 2353 dona
469 2299 522 2354 sibi
530 2301 647 2371 quisque
659 2297 775 2358 trabunt,
790 2295 889 2348 maiore

90 2372 205 2429 aliorum
222 2373 249 2427 vi
265 2374 464 2427 truncabantur.
503 2372 632 2439 Quidam,
652 2371 730 2426 obvia
745 2369 887 2439 aspernati,

92 2447 250 2504 verberibus
269 2449 459 2518 tormentisque
478 2447 647 2502 dominorum
664 2443 751 2498 abdita
766 2444 887 2506 scrutari,

90 2520 196 2576 defossa
207 2539 308 2576 eruere.
329 2522 411 2576 Faces
422 2522 449 2575 in
461 2522 600 2576 manibus:
617 2535 697 2592 quas,
707 2516 755 2571 ubi
765 2516 894 2589 praedam

88 2604 247 2665 egesserant,
260 2597 289 2648 in
302 2614 398 2652 vacuas
409 2596 504 2654 domos
514 2606 541 2655 et
551 2596 648 2655 inania
655 2592 763 2668 templa
768 2611 817 2667 par
822 2590 914 2645 laada-

79 2667 149 2718 n‘am
158 2666 361 2726 iaculabantur:
385 2682 476 2748 utque
489 2678 632 2747 exercitu,
643 2674 726 2736 uario
731 2671 938 2748 linquam&
