1950 3016
126 198 176 252 268
295 201 323 247 0.
344 196 568 246 CORNELIUS
586 196 755 246 'ructuus

126 304 248 375 etigium.
287 300 321 357 Ut
340 299 432 355 iretree
450 308 549 365 umen,
569 308 600 355 nt
612 301 733 366 iuvenes,
754 308 922 355 venerantur.

127 377 249 432 Ceterum
264 376 321 431 Arii
334 393 417 447 super
430 376 511 441 vires,
533 376 636 447 quibus
649 380 818 430 enumeratos
836 374 924 446 paulis

126 461 186 507 ente
199 452 313 524 populos
322 450 489 516 mumdum,
505 457 603 515 truces,
616 451 712 504 insitse
725 448 823 503 ferenti
831 460 925 504 artem

126 537 244 599 tempore
263 527 453 582 lenocinantur.
493 526 574 598 Nigra
593 533 682 590 scuto,
706 525 787 579 tineis
804 541 932 597 corporee

126 603 204 658 Atros
218 603 251 657 ed
264 600 362 673 proeiie
377 607 466 655 noces
478 598 583 672 legunt:
608 601 723 672 ipseque
734 598 878 655 formidine
887 607 924 654 et-

125 696 180 750 que
200 677 294 733 umbre
314 675 404 730 feralis
422 677 553 729 exereitus
566 682 691 729 terrorem
707 673 837 740 inierunt,
852 674 924 730 nulio

126 754 243 808 hostium
263 752 410 806 sustinento
429 766 529 804 novum
550 766 581 804 no
593 749 666 804 velut
678 748 814 804 infernum
831 749 924 821 edspo

125 838 208 883 otum.
230 829 297 881 Nem
308 826 388 897 primi
399 826 428 879 in
437 825 563 880 omnibus
572 823 680 895 proeliis
689 824 760 879 omli
768 825 922 879 vinetmtur.

125 904 210 957 Trans
221 903 319 974 Lygios
324 901 439 955 Gotones
448 906 602 972 regnantur,
608 899 699 970 peuiio
708 900 762 953 iem
771 897 922 965 adductius,

125 995 206 1049 quem
223 985 322 1030 ceterae
332 975 526 1030 Germanorum
535 982 636 1047 gentes,
649 974 769 1029 nondum
778 982 869 1029 temen
878 992 924 1029 su-

124 1068 172 1123 pre
194 1051 349 1104 libertatem.
390 1050 513 1103 Protinus
530 1049 628 1103 deinde
640 1049 674 1102 ab
687 1047 793 1103 Oceano
806 1050 888 1123 Rugii
900 1056 924 1105 et

124 1126 260 1181 Lemovii:
281 1124 458 1196 omniumque
469 1124 564 1178 irarum
575 1124 694 1196 gentium
705 1125 822 1197 insigne,
833 1133 924 1179 rotun·

125 1201 252 1264 demuto,
264 1199 359 1253 breves
368 1198 461 1272 gladii,
473 1207 498 1252 et
507 1215 569 1271 erge
579 1214 655 1271 reges
664 1198 838 1269 obsequium.

181 1278 222 1330 11.
243 1273 374 1328 Suionum
386 1275 449 1329 hine
458 1274 586 1336 civitates,
598 1274 658 1344 ipso
666 1271 813 1338 inOoeeno‚
823 1282 924 1346 praeter

125 1353 198 1406 viros
217 1366 346 1421 armoque
366 1346 498 1403 elassibus
513 1346 611 1402 vatent.
650 1348 746 1403 Forma
765 1351 879 1404 navium
894 1366 923 1405 eo

125 1426 221 1490 differt,
236 1425 309 1497 quod
319 1425 454 1496 utrimque
467 1438 544 1494 pmre
553 1431 671 1493 peretum
681 1439 788 1494 semper
797 1423 923 1495 adpulsui

124 1501 236 1556 imntern
246 1501 310 1573 egit.
343 1500 398 1553 Neo
407 1498 474 1554 velis
485 1498 647 1563 ministrent,
658 1514 707 1552 nee
716 1514 804 1553 remos
814 1500 843 1553 in
853 1499 923 1554 ordi·

124 1594 186 1630 nem
202 1575 328 1629 lateribus
342 1573 506 1646 adiungunt:
526 1570 655 1638 solutum,
678 1579 708 1627 ut
720 1573 923 1644 inquibusdem

124 1650 279 1714 fluminum,
295 1658 320 1703 et
334 1648 471 1712 mutebiie‚
489 1656 548 1702 utut
561 1664 603 1701 res
617 1649 710 1718 poscit,
723 1648 839 1702 hinevei
848 1648 923 1703 illino

124 1725 279 1796 remigium.
304 1722 923 1795 Estepudiiiosetopibushonos,eoqueunus

124 1800 267 1868 imperitet,
285 1798 367 1852 nuliis
381 1800 434 1853 mm
449 1798 660 1868 exceptionibus,
673 1814 725 1852 non
735 1799 856 1869 precario
866 1800 924 1855 iurs

123 1872 244 1945 parendi.
266 1873 321 1926 Nec
329 1890 413 1937 erma,
425 1872 534 1944 utnpud
545 1881 644 1928 ceteros
654 1872 811 1938 Germanos,
822 1875 852 1928 in
862 1890 924 1946 pro·

124 1949 237 2011 miscuo,
249 1947 297 2002 sed
306 1947 396 2002 elenen
406 1948 459 2002 sub
467 1947 584 2012 custode,
597 1948 741 2020 etquidem
750 1964 844 2005 servo:
858 1949 923 2021 quia

123 2024 226 2078 subitos
246 2023 363 2077 hostium
384 2024 509 2077 incursus
528 2022 650 2093 prohibet
670 2022 802 2088 Oceanus,
825 2025 924 2079 otiosae

123 2116 202 2171 porro
215 2106 377 2153 armatorum
393 2115 490 2151 manus
500 2096 576 2151 iaciie
586 2097 738 2152 lasciviunt
777 2098 923 2154 Enimvero

123 2190 211 2246 neque
221 2173 348 2236 nobilem,
370 2174 625 2245 nequeiugenuum‚
646 2188 680 2226 ne
694 2172 851 2228 libertinum
860 2176 924 2247 qui·

123 2250 193 2313 dem,
206 2249 289 2303 ermis
299 2262 458 2318 praeponere
467 2249 539 2320 regia
552 2247 652 2301 utilitas
665 2254 713 2302 est.

179 2327 220 2378 45.
241 2324 326 2376 Trene
334 2321 448 2376 Suiones
458 2321 531 2376 eliud
542 2323 738 2395 mere‚pigrum
748 2339 779 2376 eo
788 2340 872 2395 prope
881 2325 923 2379 iu·

123 2407 236 2462 motum,
247 2414 303 2470 quo
312 2398 383 2470 cingi
394 2396 520 2470 eludique
528 2406 658 2451 terrerum
668 2397 760 2452 orbem
771 2398 836 2452 hine
845 2399 920 2465 fides,

123 2474 195 2545 quod
205 2482 340 2527 extremus
350 2473 467 2528 cedentis
477 2475 530 2527 iem
541 2472 606 2526 sniis
615 2471 702 2544 fulgor
710 2474 739 2527 in
747 2483 824 2528 ortus
829 2472 922 2529 edurat

123 2548 299 2613 admisimus,
314 2557 343 2603 ut
356 2549 442 2603 sidere
456 2548 573 2615 hebetet3
594 2564 692 2603 sonum
702 2549 814 2619 iusuper
823 2550 920 2615 audiri,

124 2621 277 2695 formasque
291 2623 401 2678 deorum
417 2632 442 2678 et
456 2623 544 2678 redies
555 2624 650 2694 cepitis
659 2623 771 2694 adspici,
783 2625 921 2695 persumio

124 2696 223 2752 adiicit.
262 2697 329 2752 liiuo
349 2715 436 2771 usque
457 2699 491 2774 (et
511 2698 580 2753 ieme
600 2697 671 2772 vere)
690 2706 795 2755 tentum
816 2706 918 2756 nature.
