1950 3016
130 218 162 268 ae
364 220 685 270 ursuonrsnuu
791 210 925 285 (noso

128 323 256 376 memoria
266 320 438 388 delationum,
450 324 655 396 expositumque
664 322 697 376 ad
707 320 849 385 invidiam,
857 321 929 375 Mar·

127 395 186 450 calli
198 412 294 451 nomen
305 398 458 453 inritaverat
467 398 617 463 Caecinam,
630 404 659 452 ut
669 414 755 452 novus
765 396 855 451 adbuc
863 396 927 451 etin

127 480 248 526 senatum
261 490 346 544 nuper
356 473 482 537 adscitus,
490 475 593 545 magnis
603 472 753 526 inimicitiis
762 471 925 526 claresceret.

126 546 304 602 Moderatione
323 547 464 602 meliorum
483 547 618 618 dirempti.
658 547 692 601 Et
715 547 815 602 rediere
833 560 927 600 omnes

126 621 282 686 Bononiam,
299 640 394 677 rursus
408 620 587 676 consiliaturi:
608 621 705 686 simul,
723 620 813 675 medio
825 630 930 691 tentib-

127 697 174 756 ris,
187 695 279 766 plures
294 697 382 750 nuntii
397 696 581 767 sperabantur.
621 697 761 759 Bononiae,
773 695 870 749 divisis
881 710 928 766 per

128 771 232 833 itinera,
248 773 296 842 qui
312 772 526 824 recentissimum
537 788 673 842 quemque
682 778 926 843 percunctarentur,

127 845 302 917 interrogatus
312 844 424 899 Othonis
438 845 549 900 libertus
557 862 680 900 caussam
689 846 837 918 digressus,
849 848 929 898 bob*

126 937 155 972 re
164 936 191 972 se
204 936 324 986 araprcmo
335 925 390 973 eiras
399 922 524 975 mandato
537 921 685 991 respondit:
706 926 791 988 ipsum
802 925 929 974 moestum

126 997 228 1060 quidem
243 997 370 1056 relictum,
390 1000 435 1048 sed
449 999 506 1050 eolo
519 1000 679 1063 posteritatis
693 1011 757 1048 curo
771 1003 795 1048 et
807 994 928 1061 abruptio

126 1071 195 1119 citos
215 1070 403 1123 blorsdimantis.
442 1069 510 1122 liinc
529 1070 667 1124 adnuratio
684 1077 710 1122 et
724 1069 801 1138 plura
815 1071 928 1122 interro-

126 1140 206 1212 gandi
218 1141 317 1212 pudor:
339 1153 419 1215 atque
432 1146 554 1199 omnium
569 1145 652 1198 animi
662 1146 690 1198 in
701 1142 838 1199 Vitellium
848 1141 929 1197 incli-

127 1231 234 1270 osvero.

181 1293 224 1346 at.
246 1291 372 1345 Intererat
385 1292 504 1347 mnsiliis
520 1291 598 1346 irater
611 1293 679 1356 eius,
696 1291 727 1345 L.
740 1290 875 1354 Vitellius,
885 1304 930 1344 sa·

126 1381 180 1436 que
198 1370 251 1419 iam
270 1366 441 1421 scindentibus
455 1367 591 1430 offerebat,
608 1384 670 1421 cum
687 1375 794 1436 repente
809 1366 926 1430 Coenus,

127 1438 237 1494 libertus
258 1441 379 1504 Neronis,
400 1444 479 1496 atroci
496 1440 632 1496 mendacio
649 1441 789 1495 universos
803 1440 917 1511 perculit

125 1515 280 1579 adfirmans,
291 1526 446 1583 superastitit
456 1517 531 1570 XIV.
544 1520 658 1584 teptonis,
675 1521 771 1570 traiectis
780 1534 797 1569 o
809 1517 930 1569 Brixello

124 1595 237 1653 mribus,
262 1607 351 1644 cassos
374 1596 497 1653 victores,
522 1608 623 1644 varsom
646 1596 762 1658 portium
785 1595 927 1659 [ortanam.

126 1662 227 1718 Caussa
239 1664 355 1736 tingendi
368 1662 427 1728 iuit,
439 1674 468 1717 ut
476 1664 620 1736 diplomata
630 1664 752 1727 Othonis,
761 1678 832 1792 {aaa
842 1663 931 1737 negli-

126 1738 272 1810 gebantur,
296 1737 401 1792 laetiore
419 1741 513 1793 nuntio
530 1740 729 1794 revalescerent.
792 1749 802 1792 t
822 1739 928 1793 Coenus

126 1812 236 1882 quidem
249 1812 340 1881 rapide
350 1815 377 1866 in
389 1813 483 1866 urbem
496 1821 596 1877 rectus,
604 1832 701 1885 paucos
713 1824 772 1884 post
780 1814 839 1868 dies
848 1815 928 1867 iussu

125 1885 226 1938 Vitellii
247 1902 344 1956 poenam
365 1886 423 1940 luit.
463 1887 618 1943 Senatorum
639 1890 788 1961 periculum
806 1898 927 1953 auctum,

126 1960 295 2015 credentibus
306 1961 463 2016 Othonianis
479 1962 610 2018 militibus
621 1981 682 2018 vera
693 1980 760 2027 esse,
775 1978 845 2035 quae
854 1961 943 2017 adis-⁹

126 2036 262 2090 rebantur.
303 2036 455 2090 lutendebnt
470 2036 648 2102 formidinem,
664 2039 737 2110 quod
753 2037 853 2109 publici
864 2054 930 2092 oon-

126 2111 180 2165 silii
193 2109 258 2164 iaoie
267 2110 416 2166 discessum
428 2113 539 2177 Mutina,
553 2113 724 2184 desertaeque
734 2123 821 2184 partes
832 2112 926 2168 forent.

126 2185 182 2239 Neo
193 2185 260 2239 ultra
271 2187 298 2240 in
309 2204 451 2241 commune
459 2188 663 2260 congressi,sibi
674 2190 792 2259 quisque
800 2187 929 2243 consulu·

127 2276 183 2315 ere:
205 2260 289 2317 doneo
303 2263 401 2316 missae
415 2263 522 2317 aFabio
532 2263 640 2317 Valente
653 2263 779 2334 epistolae
792 2263 930 2318 demerent

127 2344 239 2391 metum.
279 2337 312 2389 Et
325 2353 398 2392 mors
408 2336 530 2403 Othonis,
542 2355 597 2410 quo
611 2337 777 2403 laudabilior,
788 2354 820 2393 eo
830 2337 931 2393 veloci·

126 2428 160 2465 us
171 2411 270 2465 audita.

181 2489 224 2540 tt.
246 2485 279 2539 At
289 2486 386 2539 llomae
401 2484 468 2539 nibil
479 2484 674 2556 trepidationis:
696 2485 816 2542 Cereales
828 2486 928 2541 ludiex

117 2576 196 2612 more
213 2559 417 2628 spectabantur.
457 2559 493 2616 Ut
510 2563 626 2616 cessisse
643 2564 700 2615 uita
711 2561 856 2622 (libonem,
872 2570 929 2613 eta

181 2633 187 2645 '
210 2631 329 2700 Sabino,
341 2635 484 2709 praelecto
496 2638 589 2703 urbis,
600 2636 680 2711 quob
689 2635 787 2689 eratin
793 2630 947 2711 uiuamus-

171 2714 362 2772 'uoramento
374 2714 488 2774 Vitellii
500 2711 724 2778 medumpam
731 2696 965 2757 superemme-
