<?xml version="1.0" encoding="UTF-8"?>
<!DOCTYPE html PUBLIC "-//W3C//DTD XHTML 1.0 Transitional//EN"
    "http://www.w3.org/TR/xhtml1/DTD/xhtml1-transitional.dtd">
<html xmlns="http://www.w3.org/1999/xhtml" xml:lang="en" lang="en">
 <head>
  <title>
</title>
<meta http-equiv="Content-Type" content="text/html;charset=utf-8" />
  <meta name='ocr-system' content='tesseract 3.04.00' />
  <meta name='ocr-capabilities' content='ocr_page ocr_carea ocr_par ocr_line ocrx_word'/>
</head>
<body>
  <div class='ocr_page' id='page_1' title='image "./ccorneliitaciti00weisgoog_0306.png"; bbox 0 0 1950 3016; ppageno 0'>
   <div class='ocr_carea' id='block_1_1' title="bbox 208 199 886 251">
    <p class='ocr_par' dir='ltr' id='par_1_1' title="bbox 208 199 886 251">
     <span class='ocr_line' id='line_1_1' title="bbox 208 199 886 251; baseline 0.006 -4"><span class='ocrx_word' id='word_1_1' title='bbox 208 240 213 247; x_wconf 92' lang='lat'><em>.</em></span> <span class='ocrx_word' id='word_1_2' title='bbox 286 199 496 248; x_wconf 71' lang='lat' dir='ltr'>manocus.</span> <span class='ocrx_word' id='word_1_3' title='bbox 518 203 593 250; x_wconf 76' lang='lat' dir='ltr'>CAP.</span> <span class='ocrx_word' id='word_1_4' title='bbox 617 204 641 251; x_wconf 74' lang='lat' dir='ltr'>t,</span> <span class='ocrx_word' id='word_1_5' title='bbox 660 204 685 251; x_wconf 80' lang='lat'>2.</span> <span class='ocrx_word' id='word_1_6' title='bbox 836 199 886 251; x_wconf 78' lang='grc'>303</span> 
     </span>
    </p>
   </div>
   <div class='ocr_carea' id='block_1_2' title="bbox 63 301 912 2697">
    <p class='ocr_par' dir='ltr' id='par_1_2' title="bbox 82 301 888 1794">
     <span class='ocr_line' id='line_1_2' title="bbox 85 301 888 376; baseline 0.005 -20"><span class='ocrx_word' id='word_1_7' title='bbox 85 301 181 372; x_wconf 88' lang='lat' dir='ltr'>Neque</span> <span class='ocrx_word' id='word_1_8' title='bbox 191 301 263 355; x_wconf 91' lang='lat' dir='ltr'>enim</span> <span class='ocrx_word' id='word_1_9' title='bbox 274 303 309 355; x_wconf 91' lang='lat' dir='ltr'>ita</span> <span class='ocrx_word' id='word_1_10' title='bbox 319 301 495 372; x_wconf 90' lang='lat' dir='ltr'>adpellamus,</span> <span class='ocrx_word' id='word_1_11' title='bbox 510 305 563 358; x_wconf 90' lang='lat' dir='ltr'>nisi</span> <span class='ocrx_word' id='word_1_12' title='bbox 573 306 710 376; x_wconf 89' lang='lat' dir='ltr'>antiquos:</span> <span class='ocrx_word' id='word_1_13' title='bbox 730 303 827 360; x_wconf 85' lang='lat' dir='ltr'>borum</span> <span class='ocrx_word' id='word_1_14' title='bbox 838 322 888 360; x_wconf 90' lang='lat' dir='ltr'>au-</span> 
     </span>
     <span class='ocr_line' id='line_1_3' title="bbox 86 376 886 450; baseline 0.003 -19"><span class='ocrx_word' id='word_1_15' title='bbox 86 385 141 431; x_wconf 84' lang='lat' dir='ltr'>tem</span> <span class='ocrx_word' id='word_1_16' title='bbox 157 384 308 446; x_wconf 91' lang='lat' dir='ltr'>temporum</span> <span class='ocrx_word' id='word_1_17' title='bbox 323 376 415 431; x_wconf 80' lang='lat' dir='ltr'>diserti</span> <span class='ocrx_word' id='word_1_18' title='bbox 429 378 572 433; x_wconf 84' lang='lat' dir='ltr'>caussidioi</span> <span class='ocrx_word' id='word_1_19' title='bbox 586 388 611 433; x_wconf 87' lang='lat' dir='ltr'>et</span> <span class='ocrx_word' id='word_1_20' title='bbox 621 379 740 434; x_wconf 74' lang='lat' dir='ltr'>&#39;advooati</span> <span class='ocrx_word' id='word_1_21' title='bbox 748 388 774 434; x_wconf 87' lang='lat' dir='ltr'>et</span> <span class='ocrx_word' id='word_1_22' title='bbox 782 380 886 450; x_wconf 90' lang='lat' dir='ltr'>patroni</span> 
     </span>
     <span class='ocr_line' id='line_1_4' title="bbox 86 451 887 525; baseline 0.002 -19"><span class='ocrx_word' id='word_1_23' title='bbox 86 459 112 506; x_wconf 89' lang='lat' dir='ltr'>et</span> <span class='ocrx_word' id='word_1_24' title='bbox 120 451 231 522; x_wconf 90' lang='lat' dir='ltr'>quidvis</span> <span class='ocrx_word' id='word_1_25' title='bbox 244 453 344 522; x_wconf 86' lang='lat' dir='ltr'>potius,</span> <span class='ocrx_word' id='word_1_26' title='bbox 356 469 438 523; x_wconf 91' lang='lat' dir='ltr'>quam</span> <span class='ocrx_word' id='word_1_27' title='bbox 448 462 573 519; x_wconf 90' lang='lat' dir='ltr'>oratores,</span> <span class='ocrx_word' id='word_1_28' title='bbox 589 462 725 509; x_wconf 87' lang='lat' dir='ltr'>vocantur.</span> <span class='ocrx_word' id='word_1_29' title='bbox 766 453 816 509; x_wconf 87' lang='lat' dir='ltr'>Cui</span> <span class='ocrx_word' id='word_1_30' title='bbox 825 472 887 525; x_wconf 86' lang='lat' dir='ltr'>per-</span> 
     </span>
     <span class='ocr_line' id='line_1_5' title="bbox 86 527 887 602; baseline 0 -20"><span class='ocrx_word' id='word_1_31' title='bbox 86 527 229 582; x_wconf 87' lang='lat' dir='ltr'>contationi</span> <span class='ocrx_word' id='word_1_32' title='bbox 244 534 305 581; x_wconf 88' lang='lat' dir='ltr'>tuac</span> <span class='ocrx_word' id='word_1_33' title='bbox 319 527 486 598; x_wconf 83' lang='lat' dir='ltr'>respondere,</span> <span class='ocrx_word' id='word_1_34' title='bbox 501 536 590 582; x_wconf 91' lang='lat' dir='ltr'>ettam</span> <span class='ocrx_word' id='word_1_35' title='bbox 601 545 713 602; x_wconf 85' lang='lat' dir='ltr'>magnae</span> <span class='ocrx_word' id='word_1_36' title='bbox 722 530 887 600; x_wconf 79' lang='lat' dir='ltr'><strong>quaestionis</strong></span> 
     </span>
     <span class='ocr_line' id='line_1_6' title="bbox 85 600 888 675; baseline 0.002 -21"><span class='ocrx_word' id='word_1_37' title='bbox 85 601 193 672; x_wconf 89' lang='lat' dir='ltr'>pondus</span> <span class='ocrx_word' id='word_1_38' title='bbox 203 601 334 672; x_wconf 79' lang='lat' dir='ltr'>excipere,</span> <span class='ocrx_word' id='word_1_39' title='bbox 346 609 375 655; x_wconf 92' lang='lat' dir='ltr'>ut</span> <span class='ocrx_word' id='word_1_40' title='bbox 385 609 431 657; x_wconf 87' lang='lat' dir='ltr'>aut</span> <span class='ocrx_word' id='word_1_41' title='bbox 439 600 472 656; x_wconf 91' lang='lat' dir='ltr'>de</span> <span class='ocrx_word' id='word_1_42' title='bbox 483 604 599 675; x_wconf 79' lang='lat' dir='ltr'>ingeniis</span> <span class='ocrx_word' id='word_1_43' title='bbox 609 606 706 659; x_wconf 88' lang='lat' dir='ltr'>nostris</span> <span class='ocrx_word' id='word_1_44' title='bbox 716 602 786 657; x_wconf 86' lang='lat' dir='ltr'>male</span> <span class='ocrx_word' id='word_1_45' title='bbox 795 604 888 657; x_wconf 85' lang='lat' dir='ltr'>existi-</span> 
     </span>
     <span class='ocr_line' id='line_1_7' title="bbox 86 676 888 750; baseline 0.002 -21"><span class='ocrx_word' id='word_1_46' title='bbox 86 676 217 730; x_wconf 88' lang='lat' dir='ltr'>mandum</span> <span class='ocrx_word' id='word_1_47' title='bbox 228 676 350 741; x_wconf 88' lang='lat' dir='ltr'>babeam,</span> <span class='ocrx_word' id='word_1_48' title='bbox 371 677 394 731; x_wconf 86' lang='lat' dir='ltr'>ai</span> <span class='ocrx_word' id='word_1_49' title='bbox 405 677 476 731; x_wconf 91' lang='lat' dir='ltr'>idem</span> <span class='ocrx_word' id='word_1_50' title='bbox 486 678 597 750; x_wconf 78' lang='lat' dir='ltr'>adsequi</span> <span class='ocrx_word' id='word_1_51' title='bbox 609 696 660 733; x_wconf 95' lang='lat' dir='ltr'>non</span> <span class='ocrx_word' id='word_1_52' title='bbox 672 695 827 749; x_wconf 84' lang='lat' dir='ltr'>possumus,</span> <span class='ocrx_word' id='word_1_53' title='bbox 842 686 888 731; x_wconf 91' lang='lat' dir='ltr'>aut</span> 
     </span>
     <span class='ocr_line' id='line_1_8' title="bbox 86 751 887 818; baseline 0 -13"><span class='ocrx_word' id='word_1_54' title='bbox 86 751 120 805; x_wconf 92' lang='lat' dir='ltr'>de</span> <span class='ocrx_word' id='word_1_55' title='bbox 131 751 249 815; x_wconf 90' lang='lat' dir='ltr'>iudiciis,</span> <span class='ocrx_word' id='word_1_56' title='bbox 261 751 284 805; x_wconf 91' lang='lat' dir='ltr'>si</span> <span class='ocrx_word' id='word_1_57' title='bbox 296 751 432 816; x_wconf 87' lang='lat' dir='ltr'>nolumus,</span> <span class='ocrx_word' id='word_1_58' title='bbox 453 754 500 807; x_wconf 78' lang='lat' dir='ltr'>vix</span> <span class='ocrx_word' id='word_1_59' title='bbox 511 753 618 807; x_wconf 83' lang='lat' dir='ltr'>hercule</span> <span class='ocrx_word' id='word_1_60' title='bbox 627 754 763 818; x_wconf 79' lang='lat' dir='ltr'>auderem,</span> <span class='ocrx_word' id='word_1_61' title='bbox 785 753 809 806; x_wconf 92' lang='lat' dir='ltr'>si</span> <span class='ocrx_word' id='word_1_62' title='bbox 819 753 887 806; x_wconf 89' lang='lat' dir='ltr'>milri</span> 
     </span>
     <span class='ocr_line' id='line_1_9' title="bbox 87 824 888 896; baseline -0.001 -15"><span class='ocrx_word' id='word_1_63' title='bbox 87 824 462 896; x_wconf 86' lang='lat' dir='ltr'>measantentiaproferenda,</span> <span class='ocrx_word' id='word_1_64' title='bbox 484 845 514 881; x_wconf 88' lang='lat' dir='ltr'>ae</span> <span class='ocrx_word' id='word_1_65' title='bbox 524 845 576 882; x_wconf 93' lang='lat' dir='ltr'>non</span> <span class='ocrx_word' id='word_1_66' title='bbox 586 828 836 890; x_wconf 86' lang='lat' dir='ltr'>disertissimorum,</span> <span class='ocrx_word' id='word_1_67' title='bbox 857 835 888 880; x_wconf 92' lang='lat' dir='ltr'>ut</span> 
     </span>
     <span class='ocr_line' id='line_1_10' title="bbox 86 901 885 974; baseline 0.004 -19"><span class='ocrx_word' id='word_1_68' title='bbox 86 909 185 955; x_wconf 81' lang='lat' dir='ltr'>nostras</span> <span class='ocrx_word' id='word_1_69' title='bbox 196 901 370 971; x_wconf 84' lang='lat' dir='ltr'>temporibus,</span> <span class='ocrx_word' id='word_1_70' title='bbox 385 901 526 956; x_wconf 89' lang='lat' dir='ltr'>bominum</span> <span class='ocrx_word' id='word_1_71' title='bbox 541 920 629 958; x_wconf 82' lang='lat' dir='ltr'>sermo</span> <span class='ocrx_word' id='word_1_72' title='bbox 638 903 796 974; x_wconf 88' lang='lat' dir='ltr'>repetendus</span> <span class='ocrx_word' id='word_1_73' title='bbox 807 909 885 960; x_wconf 79' lang='lat' dir='ltr'>esset.</span> 
     </span>
     <span class='ocr_line' id='line_1_11' title="bbox 86 975 886 1048; baseline 0 -18"><span class='ocrx_word' id='word_1_74' title='bbox 86 993 156 1048; x_wconf 91' lang='lat' dir='ltr'>quos</span> <span class='ocrx_word' id='word_1_75' title='bbox 171 975 282 1029; x_wconf 91' lang='lat' dir='ltr'>eandem</span> <span class='ocrx_word' id='word_1_76' title='bbox 294 975 364 1029; x_wconf 86' lang='lat' dir='ltr'>banc</span> <span class='ocrx_word' id='word_1_77' title='bbox 377 977 559 1047; x_wconf 89' lang='lat' dir='ltr'>quaestionem</span> <span class='ocrx_word' id='word_1_78' title='bbox 571 986 767 1048; x_wconf 74' lang='lat' dir='ltr'>pertractantes,</span> <span class='ocrx_word' id='word_1_79' title='bbox 778 978 886 1032; x_wconf 84' lang='lat' dir='ltr'>iuvenis</span> 
     </span>
     <span class='ocr_line' id='line_1_12' title="bbox 86 1049 888 1124; baseline 0 -20"><span class='ocrx_word' id='word_1_80' title='bbox 86 1049 233 1104; x_wconf 86' lang='lat' dir='ltr'>admodum</span> <span class='ocrx_word' id='word_1_81' title='bbox 243 1049 343 1104; x_wconf 88' lang='lat' dir='ltr'>audivi.</span> <span class='ocrx_word' id='word_1_82' title='bbox 372 1051 409 1104; x_wconf 85' lang='lat' dir='ltr'>lta</span> <span class='ocrx_word' id='word_1_83' title='bbox 420 1068 472 1105; x_wconf 93' lang='lat' dir='ltr'>non</span> <span class='ocrx_word' id='word_1_84' title='bbox 482 1052 598 1124; x_wconf 82' lang='lat' dir='ltr'>ingenio,</span> <span class='ocrx_word' id='word_1_85' title='bbox 611 1052 658 1106; x_wconf 88' lang='lat' dir='ltr'>aed</span> <span class='ocrx_word' id='word_1_86' title='bbox 668 1053 795 1107; x_wconf 87' lang='lat' dir='ltr'>memoria</span> <span class='ocrx_word' id='word_1_87' title='bbox 805 1069 836 1105; x_wconf 92' lang='lat' dir='ltr'>ac</span> <span class='ocrx_word' id='word_1_88' title='bbox 845 1069 888 1104; x_wconf 88' lang='lat' dir='ltr'>re·</span> 
     </span>
     <span class='ocr_line' id='line_1_13' title="bbox 86 1125 886 1197; baseline -0.003 -16"><span class='ocrx_word' id='word_1_89' title='bbox 86 1125 247 1188; x_wconf 86' lang='lat' dir='ltr'>cordatione,</span> <span class='ocrx_word' id='word_1_90' title='bbox 263 1132 390 1195; x_wconf 86' lang='lat' dir='ltr'>opuseat,</span> <span class='ocrx_word' id='word_1_91' title='bbox 412 1132 451 1190; x_wconf 89' lang='lat' dir='ltr'>ut,</span> <span class='ocrx_word' id='word_1_92' title='bbox 467 1143 560 1196; x_wconf 88' lang='lat' dir='ltr'>quaca</span> <span class='ocrx_word' id='word_1_93' title='bbox 572 1128 809 1197; x_wconf 75' lang='lat' dir='ltr'>praestantissimis</span> <span class='ocrx_word' id='word_1_94' title='bbox 819 1127 886 1181; x_wconf 89' lang='lat' dir='ltr'>viris</span> 
     </span>
     <span class='ocr_line' id='line_1_14' title="bbox 86 1199 886 1273; baseline 0 -19"><span class='ocrx_word' id='word_1_95' title='bbox 86 1208 113 1254; x_wconf 92' lang='lat' dir='ltr'>et</span> <span class='ocrx_word' id='word_1_96' title='bbox 121 1200 267 1272; x_wconf 83' lang='lat' dir='ltr'>excogitata</span> <span class='ocrx_word' id='word_1_97' title='bbox 276 1199 417 1264; x_wconf 84' lang='lat' dir='ltr'>subtiliter,</span> <span class='ocrx_word' id='word_1_98' title='bbox 441 1207 467 1254; x_wconf 91' lang='lat' dir='ltr'>et</span> <span class='ocrx_word' id='word_1_99' title='bbox 478 1200 547 1254; x_wconf 88' lang='lat' dir='ltr'>dicta</span> <span class='ocrx_word' id='word_1_100' title='bbox 556 1203 682 1273; x_wconf 80' lang='lat' dir='ltr'>graviter,</span> <span class='ocrx_word' id='word_1_101' title='bbox 703 1202 802 1272; x_wconf 89' lang='lat' dir='ltr'>accepi,</span> <span class='ocrx_word' id='word_1_102' title='bbox 823 1217 886 1254; x_wconf 90' lang='lat' dir='ltr'>cum</span> 
     </span>
     <span class='ocr_line' id='line_1_15' title="bbox 86 1273 887 1348; baseline -0.002 -19"><span class='ocrx_word' id='word_1_103' title='bbox 86 1274 190 1348; x_wconf 79' lang='lat' dir='ltr'>singuli</span> <span class='ocrx_word' id='word_1_104' title='bbox 204 1273 334 1339; x_wconf 86' lang='lat' dir='ltr'>diversas,</span> <span class='ocrx_word' id='word_1_105' title='bbox 355 1273 397 1328; x_wconf 87' lang='lat' dir='ltr'>vel</span> <span class='ocrx_word' id='word_1_106' title='bbox 412 1274 528 1340; x_wconf 90' lang='lat' dir='ltr'>easdem,</span> <span class='ocrx_word' id='word_1_107' title='bbox 549 1274 596 1328; x_wconf 87' lang='lat' dir='ltr'>aed</span> <span class='ocrx_word' id='word_1_108' title='bbox 614 1276 764 1346; x_wconf 88' lang='lat' dir='ltr'>probabiles</span> <span class='ocrx_word' id='word_1_109' title='bbox 778 1292 887 1328; x_wconf 84' lang='lat' dir='ltr'>caussas</span> 
     </span>
     <span class='ocr_line' id='line_1_16' title="bbox 86 1348 887 1420; baseline -0.004 -17"><span class='ocrx_word' id='word_1_110' title='bbox 86 1349 230 1414; x_wconf 76' lang='lat' dir='ltr'>adferrent,</span> <span class='ocrx_word' id='word_1_111' title='bbox 240 1349 307 1403; x_wconf 93' lang='lat' dir='ltr'>dum</span> <span class='ocrx_word' id='word_1_112' title='bbox 317 1348 429 1403; x_wconf 89' lang='lat' dir='ltr'>formam</span> <span class='ocrx_word' id='word_1_113' title='bbox 440 1350 484 1403; x_wconf 93' lang='lat' dir='ltr'>sui</span> <span class='ocrx_word' id='word_1_114' title='bbox 494 1350 612 1420; x_wconf 90' lang='lat' dir='ltr'>quiaque</span> <span class='ocrx_word' id='word_1_115' title='bbox 621 1357 646 1403; x_wconf 93' lang='lat' dir='ltr'>et</span> <span class='ocrx_word' id='word_1_116' title='bbox 655 1349 738 1403; x_wconf 91' lang='lat' dir='ltr'>animi</span> <span class='ocrx_word' id='word_1_117' title='bbox 750 1357 775 1402; x_wconf 92' lang='lat' dir='ltr'>et</span> <span class='ocrx_word' id='word_1_118' title='bbox 784 1349 887 1420; x_wconf 81' lang='lat' dir='ltr'>ingenii</span> 
     </span>
     <span class='ocr_line' id='line_1_17' title="bbox 87 1422 887 1494; baseline -0.004 -16"><span class='ocrx_word' id='word_1_119' title='bbox 87 1424 217 1489; x_wconf 89' lang='lat' dir='ltr'>redderet,</span> <span class='ocrx_word' id='word_1_120' title='bbox 237 1423 333 1477; x_wconf 92' lang='lat' dir='ltr'>iisdem</span> <span class='ocrx_word' id='word_1_121' title='bbox 344 1423 556 1488; x_wconf 85' lang='lat' dir='ltr'>nuncnumeria,</span> <span class='ocrx_word' id='word_1_122' title='bbox 578 1422 728 1494; x_wconf 90' lang='lat' dir='ltr'>iisdemque</span> <span class='ocrx_word' id='word_1_123' title='bbox 740 1423 887 1476; x_wconf 88' lang='lat' dir='ltr'>rationibus</span> 
     </span>
     <span class='ocr_line' id='line_1_18' title="bbox 87 1497 887 1571; baseline -0.004 -19"><span class='ocrx_word' id='word_1_124' title='bbox 87 1516 244 1571; x_wconf 87' lang='lat' dir='ltr'>persequar,</span> <span class='ocrx_word' id='word_1_125' title='bbox 256 1506 359 1553; x_wconf 87' lang='lat' dir='ltr'>servato</span> <span class='ocrx_word' id='word_1_126' title='bbox 368 1497 461 1553; x_wconf 88' lang='lat' dir='ltr'>ordine</span> <span class='ocrx_word' id='word_1_127' title='bbox 470 1497 667 1568; x_wconf 87' lang='lat' dir='ltr'>disputationis.</span> <span class='ocrx_word' id='word_1_128' title='bbox 707 1498 801 1568; x_wconf 89' lang='lat' dir='ltr'>Neque</span> <span class='ocrx_word' id='word_1_129' title='bbox 814 1498 887 1550; x_wconf 91' lang='lat' dir='ltr'>enim</span> 
     </span>
     <span class='ocr_line' id='line_1_19' title="bbox 86 1573 884 1644; baseline -0.004 -16"><span class='ocrx_word' id='word_1_130' title='bbox 86 1573 182 1638; x_wconf 88' lang='lat' dir='ltr'>defuit,</span> <span class='ocrx_word' id='word_1_131' title='bbox 203 1573 252 1644; x_wconf 90' lang='lat' dir='ltr'>qui</span> <span class='ocrx_word' id='word_1_132' title='bbox 271 1573 404 1627; x_wconf 83' lang='lat' dir='ltr'>diversam</span> <span class='ocrx_word' id='word_1_133' title='bbox 424 1589 533 1644; x_wconf 90' lang='lat' dir='ltr'>quoque</span> <span class='ocrx_word' id='word_1_134' title='bbox 551 1581 652 1643; x_wconf 90' lang='lat' dir='ltr'>partem</span> <span class='ocrx_word' id='word_1_135' title='bbox 672 1573 828 1642; x_wconf 89' lang='lat' dir='ltr'>susciperet,</span> <span class='ocrx_word' id='word_1_136' title='bbox 845 1588 884 1635; x_wconf 89' lang='lat' dir='ltr'>ac,</span> 
     </span>
     <span class='ocr_line' id='line_1_20' title="bbox 86 1647 887 1719; baseline -0.001 -18"><span class='ocrx_word' id='word_1_137' title='bbox 86 1647 206 1719; x_wconf 85' lang='lat' dir='ltr'>multum</span> <span class='ocrx_word' id='word_1_138' title='bbox 220 1655 314 1702; x_wconf 79' lang='lat' dir='ltr'>vexata</span> <span class='ocrx_word' id='word_1_139' title='bbox 329 1655 355 1702; x_wconf 93' lang='lat' dir='ltr'>et</span> <span class='ocrx_word' id='word_1_140' title='bbox 368 1649 451 1702; x_wconf 88' lang='lat' dir='ltr'>inrisa</span> <span class='ocrx_word' id='word_1_141' title='bbox 462 1655 600 1712; x_wconf 74' lang='lat' dir='ltr'>venustata,</span> <span class='ocrx_word' id='word_1_142' title='bbox 621 1656 772 1702; x_wconf 88' lang='lat' dir='ltr'>nostrorum</span> <span class='ocrx_word' id='word_1_143' title='bbox 785 1654 887 1717; x_wconf 88' lang='lat' dir='ltr'>tempo-</span> 
     </span>
     <span class='ocr_line' id='line_1_21' title="bbox 82 1721 805 1794; baseline -0.006 -15"><span class='ocrx_word' id='word_1_144' title='bbox 82 1739 150 1781; x_wconf 85' lang='lat' dir='ltr'>·rum</span> <span class='ocrx_word' id='word_1_145' title='bbox 160 1721 340 1792; x_wconf 89' lang='lat' dir='ltr'>eloquentiam</span> <span class='ocrx_word' id='word_1_146' title='bbox 350 1722 522 1792; x_wconf 89' lang='lat' dir='ltr'>antiquorum</span> <span class='ocrx_word' id='word_1_147' title='bbox 532 1724 648 1794; x_wconf 82' lang='lat' dir='ltr'>ingeniis</span> <span class='ocrx_word' id='word_1_148' title='bbox 658 1722 805 1776; x_wconf 84' lang='lat' dir='ltr'>anteferret.</span> 
     </span>
    </p>

    <p class='ocr_par' dir='ltr' id='par_1_3' title="bbox 83 1794 887 2543">
     <span class='ocr_line' id='line_1_22' title="bbox 142 1794 887 1868; baseline -0.005 -14"><span class='ocrx_word' id='word_1_149' title='bbox 142 1800 169 1854; x_wconf 76' lang='lat'>2.</span> <span class='ocrx_word' id='word_1_150' title='bbox 190 1797 258 1850; x_wconf 89' lang='lat' dir='ltr'>Nam</span> <span class='ocrx_word' id='word_1_151' title='bbox 273 1804 378 1867; x_wconf 91' lang='lat' dir='ltr'>postero</span> <span class='ocrx_word' id='word_1_152' title='bbox 387 1796 440 1862; x_wconf 90' lang='lat' dir='ltr'>die,</span> <span class='ocrx_word' id='word_1_153' title='bbox 456 1815 538 1868; x_wconf 90' lang='lat' dir='ltr'>quam</span> <span class='ocrx_word' id='word_1_154' title='bbox 548 1798 683 1851; x_wconf 85' lang='lat' dir='ltr'>Curiatius</span> <span class='ocrx_word' id='word_1_155' title='bbox 692 1798 828 1851; x_wconf 87' lang='lat' dir='ltr'>Maternus</span> <span class='ocrx_word' id='word_1_156' title='bbox 837 1794 887 1849; x_wconf 88' lang='lat' dir='ltr'>Ca-</span> 
     </span>
     <span class='ocr_line' id='line_1_23' title="bbox 87 1871 885 1944; baseline -0.003 -17"><span class='ocrx_word' id='word_1_157' title='bbox 87 1880 177 1927; x_wconf 85' lang='lat' dir='ltr'>torrem</span> <span class='ocrx_word' id='word_1_158' title='bbox 195 1872 358 1934; x_wconf 86' lang='lat' dir='ltr'>recitaverat,</span> <span class='ocrx_word' id='word_1_159' title='bbox 379 1888 441 1925; x_wconf 90' lang='lat' dir='ltr'>cum</span> <span class='ocrx_word' id='word_1_160' title='bbox 459 1871 600 1927; x_wconf 80' lang='lat' dir='ltr'>offendisse</span> <span class='ocrx_word' id='word_1_161' title='bbox 614 1874 762 1944; x_wconf 89' lang='lat' dir='ltr'>potentium</span> <span class='ocrx_word' id='word_1_162' title='bbox 782 1872 885 1926; x_wconf 88' lang='lat' dir='ltr'>animos</span> 
     </span>
     <span class='ocr_line' id='line_1_24' title="bbox 86 1946 885 2021; baseline -0.004 -20"><span class='ocrx_word' id='word_1_163' title='bbox 86 1947 229 2011; x_wconf 86' lang='lat' dir='ltr'>diceretur,</span> <span class='ocrx_word' id='word_1_164' title='bbox 250 1954 386 2017; x_wconf 87' lang='lat' dir='ltr'>tamquam</span> <span class='ocrx_word' id='word_1_165' title='bbox 406 1947 435 2000; x_wconf 90' lang='lat' dir='ltr'>in</span> <span class='ocrx_word' id='word_1_166' title='bbox 449 1962 480 2002; x_wconf 89' lang='lat' dir='ltr'>eo</span> <span class='ocrx_word' id='word_1_167' title='bbox 493 1947 641 2020; x_wconf 82' lang='lat' dir='ltr'>tragoediae</span> <span class='ocrx_word' id='word_1_168' title='bbox 655 1955 820 2021; x_wconf 81' lang='lat' dir='ltr'>argumento,</span> <span class='ocrx_word' id='word_1_169' title='bbox 842 1946 885 1998; x_wconf 89' lang='lat' dir='ltr'>sui</span> 
     </span>
     <span class='ocr_line' id='line_1_25' title="bbox 85 2020 886 2095; baseline -0.007 -19"><span class='ocrx_word' id='word_1_170' title='bbox 85 2021 196 2086; x_wconf 88' lang='lat' dir='ltr'>oblitus,</span> <span class='ocrx_word' id='word_1_171' title='bbox 217 2028 321 2075; x_wconf 89' lang='lat' dir='ltr'>tantum</span> <span class='ocrx_word' id='word_1_172' title='bbox 336 2020 461 2076; x_wconf 87' lang='lat' dir='ltr'>Catonem</span> <span class='ocrx_word' id='word_1_173' title='bbox 478 2023 626 2095; x_wconf 82' lang='lat' dir='ltr'>cogitasset,</span> <span class='ocrx_word' id='word_1_174' title='bbox 648 2040 733 2095; x_wconf 90' lang='lat' dir='ltr'>eaque</span> <span class='ocrx_word' id='word_1_175' title='bbox 745 2022 778 2076; x_wconf 90' lang='lat' dir='ltr'>de</span> <span class='ocrx_word' id='word_1_176' title='bbox 792 2037 821 2073; x_wconf 85' lang='lat' dir='ltr'>ro</span> <span class='ocrx_word' id='word_1_177' title='bbox 838 2036 886 2089; x_wconf 85' lang='lat' dir='ltr'>por</span> 
     </span>
     <span class='ocr_line' id='line_1_26' title="bbox 85 2094 883 2167; baseline -0.006 -16"><span class='ocrx_word' id='word_1_178' title='bbox 85 2096 183 2151; x_wconf 89' lang='lat' dir='ltr'>urbem</span> <span class='ocrx_word' id='word_1_179' title='bbox 193 2095 319 2167; x_wconf 84' lang='lat' dir='ltr'>frequens</span> <span class='ocrx_word' id='word_1_180' title='bbox 329 2113 416 2150; x_wconf 88' lang='lat' dir='ltr'>sermo</span> <span class='ocrx_word' id='word_1_181' title='bbox 427 2095 576 2163; x_wconf 84' lang='lat' dir='ltr'>haberetur,</span> <span class='ocrx_word' id='word_1_182' title='bbox 591 2095 764 2153; x_wconf 87' lang='lat' dir='ltr'>veneruntad</span> <span class='ocrx_word' id='word_1_183' title='bbox 774 2111 836 2148; x_wconf 90' lang='lat' dir='ltr'>eum</span> <span class='ocrx_word' id='word_1_184' title='bbox 847 2094 883 2147; x_wconf 84' lang='lat' dir='ltr'>ll.</span> 
     </span>
     <span class='ocr_line' id='line_1_27' title="bbox 86 2166 885 2243; baseline -0.008 -17"><span class='ocrx_word' id='word_1_185' title='bbox 86 2171 161 2243; x_wconf 79' lang='lat' dir='ltr'>Aper</span> <span class='ocrx_word' id='word_1_186' title='bbox 174 2179 200 2225; x_wconf 87' lang='lat' dir='ltr'>et</span> <span class='ocrx_word' id='word_1_187' title='bbox 208 2170 294 2225; x_wconf 90' lang='lat' dir='ltr'>lulius</span> <span class='ocrx_word' id='word_1_188' title='bbox 304 2169 453 2235; x_wconf 88' lang='lat' dir='ltr'>Secundus,</span> <span class='ocrx_word' id='word_1_189' title='bbox 467 2172 637 2227; x_wconf 88' lang='lat' dir='ltr'>celeberrima</span> <span class='ocrx_word' id='word_1_190' title='bbox 651 2181 709 2226; x_wconf 89' lang='lat' dir='ltr'>tum</span> <span class='ocrx_word' id='word_1_191' title='bbox 719 2169 825 2241; x_wconf 81' lang='lat' dir='ltr'>ingenia</span> <span class='ocrx_word' id='word_1_192' title='bbox 835 2166 885 2222; x_wconf 90' lang='lat' dir='ltr'>fori</span> 
     </span>
     <span class='ocr_line' id='line_1_28' title="bbox 83 2241 885 2318; baseline -0.007 -17"><span class='ocrx_word' id='word_1_193' title='bbox 83 2247 185 2301; x_wconf 82' lang='lat' dir='ltr'>nostri:</span> <span class='ocrx_word' id='word_1_194' title='bbox 206 2263 276 2318; x_wconf 88' lang='lat' dir='ltr'>quos</span> <span class='ocrx_word' id='word_1_195' title='bbox 289 2262 338 2318; x_wconf 82' lang='lat' dir='ltr'>ego</span> <span class='ocrx_word' id='word_1_196' title='bbox 352 2246 381 2299; x_wconf 92' lang='lat' dir='ltr'>in</span> <span class='ocrx_word' id='word_1_197' title='bbox 394 2246 502 2301; x_wconf 88' lang='lat' dir='ltr'>iudiciis</span> <span class='ocrx_word' id='word_1_198' title='bbox 512 2264 565 2301; x_wconf 92' lang='lat' dir='ltr'>non</span> <span class='ocrx_word' id='word_1_199' title='bbox 575 2255 703 2317; x_wconf 88' lang='lat' dir='ltr'>utrosque</span> <span class='ocrx_word' id='word_1_200' title='bbox 712 2243 791 2298; x_wconf 92' lang='lat' dir='ltr'>modo</span> <span class='ocrx_word' id='word_1_201' title='bbox 799 2241 885 2296; x_wconf 86' lang='lat' dir='ltr'>studi-</span> 
     </span>
     <span class='ocr_line' id='line_1_29' title="bbox 85 2316 886 2392; baseline -0.009 -15"><span class='ocrx_word' id='word_1_202' title='bbox 85 2338 133 2377; x_wconf 82' lang='lat' dir='ltr'>ose</span> <span class='ocrx_word' id='word_1_203' title='bbox 146 2320 298 2385; x_wconf 88' lang='lat' dir='ltr'>audiebam,</span> <span class='ocrx_word' id='word_1_204' title='bbox 313 2319 361 2374; x_wconf 91' lang='lat' dir='ltr'>sed</span> <span class='ocrx_word' id='word_1_205' title='bbox 374 2319 446 2374; x_wconf 92' lang='lat' dir='ltr'>domi</span> <span class='ocrx_word' id='word_1_206' title='bbox 463 2338 571 2392; x_wconf 92' lang='lat' dir='ltr'>quoque</span> <span class='ocrx_word' id='word_1_207' title='bbox 579 2328 604 2376; x_wconf 94' lang='lat' dir='ltr'>et</span> <span class='ocrx_word' id='word_1_208' title='bbox 612 2322 640 2375; x_wconf 93' lang='lat' dir='ltr'>in</span> <span class='ocrx_word' id='word_1_209' title='bbox 652 2319 759 2390; x_wconf 90' lang='lat' dir='ltr'>publico</span> <span class='ocrx_word' id='word_1_210' title='bbox 768 2316 886 2371; x_wconf 86' lang='lat' dir='ltr'>adsecta-</span> 
     </span>
     <span class='ocr_line' id='line_1_30' title="bbox 85 2392 886 2467; baseline -0.009 -16"><span class='ocrx_word' id='word_1_211' title='bbox 85 2396 145 2461; x_wconf 89' lang='lat' dir='ltr'>bar,</span> <span class='ocrx_word' id='word_1_212' title='bbox 156 2397 224 2451; x_wconf 90' lang='lat' dir='ltr'>mira</span> <span class='ocrx_word' id='word_1_213' title='bbox 234 2396 384 2451; x_wconf 91' lang='lat' dir='ltr'>studiorum</span> <span class='ocrx_word' id='word_1_214' title='bbox 394 2395 537 2466; x_wconf 87' lang='lat' dir='ltr'>cupiditate</span> <span class='ocrx_word' id='word_1_215' title='bbox 547 2403 573 2449; x_wconf 93' lang='lat' dir='ltr'>et</span> <span class='ocrx_word' id='word_1_216' title='bbox 581 2395 698 2467; x_wconf 92' lang='lat' dir='ltr'>quodam</span> <span class='ocrx_word' id='word_1_217' title='bbox 707 2392 800 2447; x_wconf 87' lang='lat' dir='ltr'>ardore</span> <span class='ocrx_word' id='word_1_218' title='bbox 808 2393 886 2447; x_wconf 89' lang='lat' dir='ltr'>iuve-</span> 
     </span>
     <span class='ocr_line' id='line_1_31' title="bbox 87 2469 885 2543; baseline -0.008 -18"><span class='ocrx_word' id='word_1_219' title='bbox 87 2470 185 2536; x_wconf 91' lang='lat' dir='ltr'>nili,ut</span> <span class='ocrx_word' id='word_1_220' title='bbox 195 2470 411 2543; x_wconf 88' lang='lat' dir='ltr'>fabulasquoque</span> <span class='ocrx_word' id='word_1_221' title='bbox 420 2487 512 2524; x_wconf 89' lang='lat' dir='ltr'>eorum</span> <span class='ocrx_word' id='word_1_222' title='bbox 522 2479 547 2523; x_wconf 87' lang='lat' dir='ltr'>et</span> <span class='ocrx_word' id='word_1_223' title='bbox 556 2469 748 2541; x_wconf 84' lang='lat' dir='ltr'>disputationes</span> <span class='ocrx_word' id='word_1_224' title='bbox 757 2474 782 2521; x_wconf 93' lang='lat' dir='ltr'>et</span> <span class='ocrx_word' id='word_1_225' title='bbox 790 2483 885 2520; x_wconf 88' lang='lat' dir='ltr'>arcana</span> 
     </span>
    </p>

    <p class='ocr_par' dir='ltr' id='par_1_4' title="bbox 63 2540 912 2697">
     <span class='ocr_line' id='line_1_32' title="bbox 63 2540 891 2617; baseline -0.012 -16"><span class='ocrx_word' id='word_1_226' title='bbox 63 2564 67 2571; x_wconf 94' lang='lat'><em>·</em></span> <span class='ocrx_word' id='word_1_227' title='bbox 86 2554 204 2601; x_wconf 81' lang='lat' dir='ltr'>semotae</span> <span class='ocrx_word' id='word_1_228' title='bbox 213 2546 335 2601; x_wconf 85' lang='lat' dir='ltr'>dictionis</span> <span class='ocrx_word' id='word_1_229' title='bbox 345 2545 622 2616; x_wconf 79' lang='lat' dir='ltr'>penituaexciperem3</span> <span class='ocrx_word' id='word_1_230' title='bbox 635 2540 891 2617; x_wconf 57' lang='lat' dir='ltr'>quamuismaliqne</span> 
     </span>
     <span class='ocr_line' id='line_1_33' title="bbox 79 2619 912 2697; baseline -0.012 -25"><span class='ocrx_word' id='word_1_231' title='bbox 79 2619 208 2689; x_wconf 82' lang='lat' dir='ltr'>plerique</span> <span class='ocrx_word' id='word_1_232' title='bbox 215 2621 397 2689; x_wconf 84' lang='lat' dir='ltr'>opinarentur,</span> <span class='ocrx_word' id='word_1_233' title='bbox 410 2637 462 2676; x_wconf 88' lang='lat' dir='ltr'>nec</span> <span class='ocrx_word' id='word_1_234' title='bbox 470 2619 598 2679; x_wconf 88' lang='lat' dir='ltr'>Secundo</span> <span class='ocrx_word' id='word_1_235' title='bbox 606 2627 774 2697; x_wconf 72' lang='lat' dir='ltr'>promptum</span> <span class='ocrx_word' id='word_1_236' title='bbox 779 2631 845 2668; x_wconf 79' lang='lat' dir='ltr'>esse</span> <span class='ocrx_word' id='word_1_237' title='bbox 849 2627 912 2662; x_wconf 70' lang='lat' dir='ltr'>ser-</span> 
     </span>
    </p>
   </div>
   <div class='ocr_carea' id='block_1_3' title="bbox 70 2692 939 2775">
    <p class='ocr_par' dir='ltr' id='par_1_5' title="bbox 70 2692 939 2775">
     <span class='ocr_line' id='line_1_34' title="bbox 70 2692 939 2775; baseline 0.014 -34"><span class='ocrx_word' id='word_1_238' title='bbox 70 2707 191 2755; x_wconf 85' lang='lat' dir='ltr'>monem,</span> <span class='ocrx_word' id='word_1_239' title='bbox 207 2700 234 2745; x_wconf 88' lang='lat' dir='ltr'>et</span> <span class='ocrx_word' id='word_1_240' title='bbox 246 2692 356 2766; x_wconf 70' lang='lat' dir='ltr'>Aprum</span> <span class='ocrx_word' id='word_1_241' title='bbox 370 2696 492 2772; x_wconf 79' lang='lat' dir='ltr'>ingenio</span> <span class='ocrx_word' id='word_1_242' title='bbox 505 2701 604 2775; x_wconf 88' lang='lat' dir='ltr'>potius</span> <span class='ocrx_word' id='word_1_243' title='bbox 616 2693 939 2758; x_wconf 51' lang='lat' dir='ltr'>emmerammum</span> 
     </span>
    </p>
   </div>
   <div class='ocr_carea' id='block_1_4' title="bbox 0 0 980 3016">
    <p class='ocr_par' dir='ltr' id='par_1_6' title="bbox 0 0 980 3016">
     <span class='ocr_line' id='line_1_35' title="bbox 0 0 980 3016; baseline 0 0"><span class='ocrx_word' id='word_1_244' title='bbox 0 0 980 3016; x_wconf 95' lang='lat' dir='ltr'> </span> 
     </span>
    </p>
   </div>
  </div>
 </body>
</html>
