1950 3016
71 205 195 281 nnn.)
240 220 246 229 ·
274 214 355 263 nra.
374 215 410 263 m
430 215 518 262 cae.
539 215 661 262 as-ss.
819 209 867 263 ton

70 316 163 389 pravis
172 316 310 390 magistris
319 315 411 371 didicit
420 332 557 388 aususque
566 325 614 371 est.
634 316 867 389 Pmpriisquoque

70 393 169 463 opibus
183 392 325 447 Mucianus
339 390 439 445 bellum
454 393 532 456 iuvit,
549 390 639 463 largus
651 392 783 463 privatim,
795 393 867 463 quod

10 500 13 517 .
70 467 179 523 aridius
193 466 227 520 de
241 464 377 537 republica
391 475 516 521 sumeret.
555 467 640 520 Ceteri
650 465 866 521 conferendarum

68 543 248 613 pecuniarum
273 540 425 611 exemplum
449 542 546 596 secuti:
577 542 731 595 rarissimus
752 543 867 613 quisquo

70 617 183 672 eandem
194 617 222 671 iu
232 615 401 687 reciperando
414 615 546 670 licentiam
556 616 715 670 babuerunt.

123 694 170 746 85.
190 690 340 745 Accelerata
359 691 464 744 interim
483 692 639 761 Vespasiani
660 697 750 760 coepta
769 690 867 763 lllyrici

69 768 204 823 exercitus
221 766 320 830 studio,
342 768 496 838 transgressi
516 768 544 820 in
564 775 660 837 partes.
701 766 787 820 Tertia
800 766 867 838 legio

69 841 226 913 exemplum
237 841 330 895 ceteris
340 841 451 895 Moesiae
461 840 609 914 legionibus
619 840 749 912 praebuit.
770 839 867 894 Octava

69 926 126 973 erat
148 933 181 971 ao
199 917 312 987 septima
331 913 484 980 Claudiana,
507 916 615 970 inbutae
633 915 722 969 lavore
743 914 864 981 Othonis,

69 992 197 1064 quamvis
207 989 307 1061 proelio
316 1008 368 1044 non
379 989 567 1045 interfuissent.
583 989 734 1062 Aquileiam
744 1008 867 1063 progres-

70 1084 126 1130 sae,
144 1066 317 1137 proturbatis,
333 1066 381 1136 qui
395 1064 427 1118 de
437 1064 539 1119 Othone
553 1066 718 1129 nuntiabant,
734 1064 866 1120 laceratis-

70 1139 755 1215 quavexillisnomenVitelliipraeferentibus,rapta
764 1151 866 1212 postre-

70 1234 115 1273 mo
124 1217 239 1288 pecunia
248 1225 274 1270 et
284 1216 352 1269 inter
360 1232 389 1269 se
399 1215 495 1279 divisa,
507 1215 634 1270 hostiliter
645 1223 760 1287 egerant.
792 1216 867 1270 Unde

70 1302 169 1355 metus,
181 1301 249 1345 etex
259 1300 331 1346 metu
341 1290 496 1347 consilium:
515 1309 589 1358 posse
599 1295 715 1357 inputari
730 1292 866 1357 Vespasio-

69 1384 116 1429 no,
141 1383 209 1435 quac
226 1369 297 1432 apud
319 1366 447 1418 Vitellium
468 1369 619 1420 excusando
638 1373 720 1417 erent.
759 1365 795 1417 lta
815 1374 867 1419 tres

69 1441 200 1499 Moesicae
209 1439 326 1513 legiones
335 1456 382 1510 per
391 1438 514 1510 epistolas
525 1439 681 1493 adliciebant
686 1439 866 1493 Pannonicum

70 1520 232 1581 exercitum,
254 1523 300 1568 aut
317 1515 443 1569 abnuenti
459 1515 514 1567 vim
532 1514 666 1584 parabant.
706 1515 736 1569 ln
750 1533 780 1570 eo
794 1525 867 1569 motu

70 1592 193 1665 Aponius
203 1590 372 1653 Saturninus,
380 1590 493 1643 Moesiae
502 1598 594 1651 rector,
607 1589 754 1659 pessimum
767 1589 867 1645 lacinus

70 1668 164 1731 audet,
190 1666 274 1720 misso
292 1667 444 1720 centurione
466 1664 499 1718 ad
517 1663 728 1720 interficiendum
749 1665 867 1720 Tertium

70 1742 217 1805 lulianum,
237 1740 365 1811 septimae
384 1739 495 1812 legionis
510 1739 637 1812 legatum,
659 1740 694 1793 ob
708 1741 865 1807 simultates,

70 1818 173 1890 quibus
183 1832 306 1870 caussam
317 1816 432 1887 partium
443 1815 635 1885 praetendebat.
656 1815 783 1881 lulianus,
796 1835 868 1872 com·

70 1903 146 1965 porto
161 1891 326 1952 discrimine,
344 1898 369 1944 et
382 1892 473 1962 gnaris
486 1889 602 1945 locorum
616 1889 733 1955 adscitis,
750 1910 795 1963 per
808 1894 868 1946 avia

70 1968 186 2023 Moesiae
196 1965 263 2020 ultra
280 1974 395 2019 montem
407 1966 534 2019 Haemum
546 1964 672 2038 profugit.
711 1967 764 2021 Nec
773 1967 868 2021 deinde

70 2042 145 2097 civili
161 2041 232 2096 bello
245 2039 374 2103 interluit,
395 2058 442 2111 per
459 2043 544 2095 varias
561 2059 648 2096 moras
667 2052 819 2112 susceptum
835 2042 869 2094 ad

70 2118 268 2189 Vespasianum
283 2116 332 2169 iter
346 2114 462 2180 trahens,
476 2125 502 2170 et
512 2133 546 2171 ex
555 2117 657 2171 nuntiis
667 2116 868 2170 cunctabundus

71 2202 283 2263 autproperans.

127 2271 171 2321 86.
192 2266 227 2320 At
240 2268 269 2320 in
282 2265 415 2320 Pannonia
425 2266 487 2319 Xlll
496 2265 564 2338 legio
576 2283 607 2320 ac
616 2266 663 2321 Vll
673 2263 810 2325 Galbiana,
823 2261 871 2316 do-

72 2340 155 2397 lorem
171 2342 294 2413 iramque
309 2340 489 2395 bedriacensis
504 2357 608 2413 pugnae
627 2340 777 2400 retinentes,
799 2336 870 2392 haud

71 2424 227 2473 cunctanter
239 2416 402 2486 Vespasiano
420 2432 562 2480 accessere,
583 2416 610 2469 vi
630 2413 770 2485 praecipua
788 2411 870 2465 Primi

71 2492 193 2547 Antonii.
232 2491 259 2544 Is
278 2490 382 2563 legibus
400 2508 497 2546 nocens
510 2498 535 2544 et
554 2497 672 2559 tempore
685 2486 796 2539 Nemnis
812 2484 874 2540 lalsi

72 2567 223 2628 damnatus,
243 2565 314 2618 irater
328 2564 379 2619 alia
392 2565 459 2622 belli
474 2564 557 2633 mala,
578 2562 750 2620 senatorium
763 2561 896 2617 ordinem

57 2640 259 2718 temperaverat.
301 2639 480 2712 Praepositae
494 2661 511 2700 a
528 2642 625 2703 Galba
638 2637 918 2717 septimaeleg‘xodx,

44 2708 213 2773 ’017ΡᾶΜο
227 2708 330 2769 Otbom'
338 2718 525 2793 credebatur,
542 2723 655 2782 ducem
664 2738 704 2781 se
712 2716 856 2797 parturus
863 2712 940 2768 obe*
