1950 3016
96 163 144 216 tta
333 166 657 215 Hieromus!
757 156 889 232 (nossa.

94 267 149 322 Nec
159 265 214 321 ulla
223 266 454 337 apudVitellianos
463 266 554 340 fiagitii
564 285 662 340 poena:
676 265 893 338 etpraemiisde·

94 341 223 396 lectorum
238 359 314 397 versa
330 343 405 407 fides,
422 360 452 396 ac
467 342 602 415 reliquum
611 342 740 415 perfidiae
747 350 890 397 certamen

94 415 192 470 Crebra
200 416 348 491 transfugia
358 417 525 472 tribunorum
536 418 789 488 centurionumque.
823 417 891 471 Nam

93 491 672 621 gpeAglarlqnsmilpsiurqiuruerptprodlqtpggp:
691 492 778 547 donee
786 491 893 582 Priscus

94 582 109 619 e
163 583 278 636 penus,
309 583 352 620 ese
387 583 456 620 scas
480 585 539 631 rs‚a
587 585 596 623 ι
653 581 894 639 umregressrfflo·

94 639 157 694 dore
170 641 326 711 proditionis
334 648 443 695 cunctos
452 641 629 696 exsolverent.

149 719 191 771 62.
202 716 301 771 lisdem
310 715 407 769 diebus
416 715 516 770 Fabius
525 714 622 770 Valens
631 715 725 770 Urbini
736 716 765 770 in
774 714 893 770 custodis

94 790 261 845 interficitur.
294 790 380 860 Caput
388 790 448 844 aius
458 788 606 845 Vitellianis
616 789 770 846 cohortibus
779 799 895 844 ostanta-

94 870 162 929 tum,
175 882 209 919 ne
221 882 304 935 quam
314 864 384 918 ultra
392 882 468 936 spem
479 863 610 920 foverent:
632 882 695 919 nam
704 867 857 934 pervasisse
865 864 895 919 in

95 937 266 993 Germaniam
275 938 412 992 Valentem
428 948 454 992 et
462 948 564 994 veteres
578 939 634 993 illic
642 956 782 1011 novosque
791 939 896 994 exerm-

93 1011 375 1067 tuacierecredebant.
413 1012 476 1068 Visa
485 1014 564 1068 caede
574 1015 601 1068 in
612 1015 897 1085 desperationemvoe-

94 1085 127 1139 si.
167 1085 201 1139 Et
211 1085 355 1140 Flavianus
373 1089 514 1151 exercitus,
536 1090 644 1142 inmane
656 1097 789 1160 quantum
803 1091 896 1143 animo

93 1159 206 1214 exitium
222 1159 349 1225 Valentis,
366 1169 395 1215 ut
407 1161 488 1215 finem
506 1162 579 1227 belli,
596 1165 705 1234 accepit.
745 1164 831 1217 Natus
839 1169 896 1217 erat

93 1232 191 1288 Valens
202 1234 348 1308 Anagniae,
369 1238 486 1306 equestri
498 1235 607 1292 familia.
648 1238 747 1292 Procax
760 1237 893 1301 moribus,

94 1325 182 1380 nequa
196 1309 330 1364 absurdus
345 1311 462 1383 ingenio,
479 1310 576 1366 lamam
589 1311 748 1367 urbanitatis
757 1327 805 1381 per
815 1309 896 1366 lasei-

93 1384 167 1438 viam
182 1392 278 1455 petere.
318 1385 433 1440 Ludicro
446 1386 612 1441 iuvenalium
627 1386 680 1441 sub
693 1387 806 1447 Nerone,
820 1385 895 1439 velut

93 1474 128 1513 ex
142 1460 305 1524 necessitate,
321 1477 385 1514 mox
398 1471 502 1532 sponte,
514 1461 611 1514 mimos
624 1461 750 1521 actitavit,
761 1461 827 1513 scite
836 1476 896 1514 ma·

92 1534 136 1606 gis
148 1551 230 1605 quam
246 1533 337 1605 probe.
377 1535 491 1609 Legatos
502 1533 614 1606 legionis
623 1545 650 1588 et
659 1533 725 1588 levit
734 1534 893 1606 Verginium

94 1615 119 1662 et
138 1607 286 1663 infamavit
326 1608 466 1663 Fonteium
480 1608 634 1678 Capitonem
652 1616 824 1679 corruptum,
844 1624 895 1662 ssu

93 1682 158 1754 quia
168 1697 341 1752 conrumpere
352 1683 516 1754 nequiverat,
528 1681 666 1737 interiecit.
693 1683 794 1738 Galbae
803 1681 896 1753 prodi-

93 1763 147 1811 tor:
168 1755 273 1810 Vitellio
284 1755 354 1810 fidus
365 1765 390 1810 et
400 1756 513 1811 aliorum
523 1757 632 1828 pertidia
644 1756 812 1812 inlustratus.

148 1833 190 1884 63.
211 1829 331 1900 Abrupta
343 1830 463 1902 undique
471 1848 529 1902 spe,
536 1830 694 1887 Vitellianus
706 1829 794 1894 miles,
806 1837 895 1885 trane

93 1905 181 1958 iturus
190 1903 218 1957 in
229 1912 327 1975 partes,
339 1904 365 1958 id
376 1922 484 1976 quoque
493 1923 545 1960 non
556 1907 615 1960 sine
623 1906 725 1969 decore,
734 1905 781 1960 sed
792 1906 845 1960 sub
855 1905 897 1961 si-

92 1977 156 2049 gnis
170 1978 332 2053 vexillisque
346 1979 376 2033 iu
389 1980 522 2034 subiectos
536 1981 650 2034 Narniae
661 1997 770 2049 campos
782 1978 896 2034 dmcen·

93 2050 164 2106 dere.
204 2052 349 2107 Flavianus
364 2056 505 2118 exercitus,
526 2063 557 2108 ut
569 2054 753 2124 adpnoelium,
775 2054 896 2109 intentus

92 2133 266 2199 ornatusque,
285 2126 377 2182 densis
396 2130 464 2182 cirea
485 2130 557 2183 viam
575 2129 726 2192 ordinibus,
746 2128 895 2184 adstiterat.

92 2199 200 2273 decepti
211 2203 239 2257 in
248 2201 370 2256 medium
379 2202 524 2258 Vitelliani.
556 2203 590 2256 Et
599 2203 774 2257 circumdatos
785 2205 895 2259 Primus

93 2273 225 2331 Antonius
244 2275 387 2332 clementer
406 2277 567 2348 adloquitur.
606 2277 670 2330 Pars
690 2278 815 2342 Narniae,
830 2295 896 2348 pars

94 2349 259 2405 Interamnae
269 2351 415 2406 subsistere
424 2353 503 2406 iussi.
534 2349 896 2407 Relictaesimulevictrici-

93 2423 146 2479 bus
156 2424 283 2498 legiones,
299 2443 387 2496 neque
400 2424 602 2498 quiescentibus
611 2442 717 2497 graves,
728 2435 754 2480 et
762 2427 896 2482 adversus

94 2502 287 2554 contumaciam
306 2499 419 2556 validas.
457 2499 517 2553 Non
531 2499 894 2568 omiserepereosdiesPri·

88 2589 155 2626 mus
168 2591 201 2628 ac
216 2574 309 2640 Varus,
331 2574 433 2629 crebris
448 2571 552 2629 nuntiis
560 2571 677 2626 salutern
686 2577 902 2641 etpeeuniarnat.

70 2655 177 2702 secreta
188 2647 359 2728 Campaniae
367 2650 466 2708 offerre
473 2646 603 2712 Vitellio,
612 2646 758 2709 simoentis
765 2645 853 2694 exutis
862 2657 917 2703 ,ae-

19 2872 53 2922 h
