1950 3016
51 216 172 292 aena.)
246 226 326 272 ers.
344 224 383 272 11.
402 224 492 272 ose.
511 225 631 272 rr-aa.
806 220 839 274 73

52 337 107 384 tum
122 326 285 383 interfecere.
322 324 481 383 Vuineratur
494 343 541 381 rex
554 325 715 397 Epiphanes,
735 327 840 402 inpigre

49 402 256 476 proOthonopu
295 402 429 456 amcisns.
671 408 674 413 '

103 482 149 535 26.
169 478 239 532 Tum
286 476 417 531 honianus
433 475 513 547 pedes
532 476 627 546 erupit.
666 475 774 531 Protrita
792 477 840 533 ho-

50 555 133 609 stium
144 553 210 617 acie,
231 553 302 606 versi
322 552 351 604 in
365 550 465 624 fugam,
484 550 562 604 etiarn
576 551 624 620 qui
638 550 838 607 subveniebant.

51 630 119 685 Nam
129 626 242 683 Caecina
256 643 309 681 non
322 626 403 680 simul
417 625 544 689 cohortes,
555 623 602 679 sed
612 624 732 697 singulas
740 627 841 680 accive-

50 711 104 761 rat:
125 718 252 775 quaeres
267 702 295 755 iu
308 699 407 772 proelio
420 700 616 771 trepidationem
630 699 713 764 auxit,
727 716 788 754 cum
800 699 842 756 di-

51 794 168 851 sparsos,
189 793 238 831 nec
251 793 365 848 usqtiam
375 774 485 839 validos,
506 792 587 845 pavor
601 774 760 847 fugientium
770 776 842 830 abri-

51 861 134 925 peret.
173 850 236 906 Orta
255 859 280 905 et
298 851 326 905 in
344 851 436 905 castris
451 849 552 914 seditio,
569 851 641 922 quod
655 868 706 906 non
722 852 841 905 universi

51 928 220 985 ducerentur.
240 925 350 981 Vinctus
358 924 505 996 praefectus
514 935 669 991 castrorum,
680 926 842 981 luliusGra-

51 1012 104 1068 tus,
119 1011 257 1073 tamquam
268 999 350 1065 fratri,
366 1001 438 1072 apud
447 999 576 1055 Othonem
587 1001 718 1064 militanti,
730 1002 842 1072 proditi-

51 1094 130 1135 onem
149 1083 250 1149 ageret:
279 1092 341 1130 cum
356 1074 460 1130 fratrem
474 1076 542 1141 eius,
563 1075 660 1131 iuiium
671 1077 839 1141 Frontonem,

53 1152 202 1216 tribunum,
221 1149 362 1206 Othoniani
375 1151 428 1205 suh
447 1151 537 1205 eodem
555 1152 667 1206 crimine
680 1153 839 1207 vinxissent.

52 1228 176 1285 Ceterum
186 1243 216 1280 ea
228 1225 326 1299 ubique
339 1224 450 1281 formido
459 1224 510 1280 iait
519 1225 590 1296 apud
601 1225 738 1299 fugientes,
749 1245 842 1282 occur-

52 1312 151 1368 santes,
167 1302 196 1356 in
208 1302 274 1366 acie,
284 1318 331 1373 pro
341 1299 418 1364 vallo,
433 1308 463 1354 ut
471 1299 551 1354 deleri
562 1318 624 1354 cum
634 1303 757 1356 universo
767 1318 843 1356 exer-

52 1380 105 1435 citu
111 1377 252 1433 Caecinam
262 1377 387 1447 potuisse,
399 1375 427 1429 ni
434 1374 716 1430 SuetoniusPauiiinus
727 1377 843 1446 receptui

52 1452 328 1523 cecinisset,utrisque
337 1452 365 1506 in
375 1451 495 1523 partibus
504 1449 689 1520 percrebuerit.
711 1450 844 1504 Timuisse

52 1546 90 1594 sc,
106 1527 247 1583 Pauiiinus
260 1524 366 1591 ferebat,
383 1534 485 1581 tautum
500 1525 609 1595 iusuper
622 1523 844 1579 laborisaeitiuo-

52 1605 99 1667 ris,
117 1620 151 1657 ne
160 1600 317 1658 Vitellianus
330 1600 418 1664 miles,
433 1617 523 1654 recens
534 1599 649 1654 ecastris
659 1597 742 1654 fessos
751 1600 843 1672 adgre-

52 1679 172 1743 deretur,
195 1686 221 1730 et
238 1676 366 1747 percuisis
385 1674 491 1731 nuiium
510 1683 578 1730 retro
596 1674 747 1729 subsidium
768 1674 840 1730 foret.

52 1753 131 1825 Apud
145 1769 244 1824 paucos
257 1769 287 1806 ea
299 1751 375 1806 ducis
385 1751 450 1807 ratio
459 1751 575 1822 probatu,
587 1751 615 1805 in
626 1748 723 1823 vulgus
733 1751 843 1807 adverso

52 1845 159 1884 mmore
168 1826 227 1882 tuit.

105 1906 150 1960 27.
165 1901 241 1957 ilaud
250 1898 359 1973 perinde
367 1900 395 1954 id
404 1900 531 1953 damnum
542 1898 694 1954 Vitellianos
703 1902 730 1957 in
741 1910 842 1956 metum

53 1977 191 2050 compulit,
207 1993 289 2048 quam
303 1974 340 2030 ad
349 1974 504 2030 modestiam
518 1976 678 2045 composuit:
699 1993 746 2029 nec
755 1975 843 2031 solum

53 2055 126 2127 apud
135 2052 284 2116 Caecinam,
295 2050 344 2122 qui
353 2050 458 2121 culpam
468 2051 496 2104 in
506 2050 617 2104 militem
629 2049 785 2114 conterebat,
801 2067 844 2102 se-

53 2129 146 2185 ditioni
167 2128 252 2199 magis
271 2143 352 2197 quam
374 2124 472 2196 pmeiio
489 2134 623 2196 paratum3
648 2125 723 2179 Fabii
736 2139 843 2195 qumque

53 2204 172 2261 Valentis
186 2204 275 2273 copiae
288 2200 351 2273 (iana
361 2201 432 2254 euim
442 2200 564 2255 Ticinum
576 2199 689 2270 venerat)
703 2200 787 2269 posito
797 2197 844 2250 ho-

53 2282 137 2336 stium
152 2284 312 2348 contemptu,
328 2284 353 2329 et
362 2276 532 2346 recuperandi
544 2276 644 2331 decoris
655 2273 788 2343 cupidine,
802 2288 844 2324 ree

53 2350 584 2423 amentiusetaequaiiusduciparehant.
620 2346 843 2417 Gravisaiioquiu

54 2429 150 2485 seditio
159 2434 299 2490 exarserat,
307 2442 388 2497 quam
398 2424 488 2480 altiore
497 2422 843 2495 initio(uequeenimrerum

53 2503 191 2560 aCeecina
201 2511 335 2575 gestarum
345 2501 463 2555 ordinem
472 2500 628 2570 interrumpi
638 2495 795 2567 oportuerati
803 2513 845 2550 re-

47 2587 150 2649 petam.
190 2576 313 2629 Cohortes
329 2575 505 2645 Batavorum,
527 2594 598 2652 quas
616 2572 691 2631 heho
705 2572 829 2630 hieronis
845 2589 868 2626 a

298 2649 304 2660 o

39 2646 235 2715 quartadecima
249 2647 303 2772 lapi

302 2666 354 2704 one
362 2649 517 2725 digressas,
531 2672 601 2712 cum
610 2653 795 2711 Britanniam
803 2659 886 2723 pete-

23 2724 94 2776 rent,
110 2717 203 2769 audito
216 2718 272 2773 Vite
298 2722 315 2776 'i
329 2735 421 2797 motu,
436 2729 604 2794 incivitate
618 2727 907 2815 Lingonumuatbo
