1950 3016
117 195 164 250 444
349 202 669 249 maronianuu

113 320 174 358 sae:
187 304 410 374 ipsellevennam
421 304 546 366 devertit,
557 308 699 373 praetexto
707 301 828 358 classem
837 302 910 359 adlo-

113 379 230 451 quendi.
253 380 317 434 Mox
329 381 435 435 Patavii
450 389 585 434 secretum
599 377 805 449 componendae
819 378 911 451 prodi-

113 455 197 508 tionis
216 456 382 525 queesitum.
421 457 546 524 Namque
569 454 694 507 Lucilius
712 454 830 518 Bassus,
852 460 910 527 post

112 527 908 601 mmmmmmfflmmumMmffimm

114 604 251 661 classibus
274 623 289 658 a
310 605 418 659 Vitellio
437 606 624 675 praepositus,
649 602 724 675 quod
745 620 801 658 non
822 604 909 660 4444444

114 680 313 752 praefecturam
323 679 450 750 praetorii
459 678 574 750 adeptus
585 678 662 742 loret,
670 679 797 750 iniquam
808 680 909 735 iracun-

114 755 188 810 diam
199 754 332 826 llagitiosa
343 752 457 824 perfidia
467 753 660 807 ulciscebatur.
671 754 728 807 Nec
737 754 804 809 sciri
815 762 908 827 potest,

115 832 263 886 traxeritne
274 827 433 892 Caecinam,
449 846 482 882 an
494 828 578 899 (quod
589 829 682 882 evenit
693 829 765 883 inter
775 831 872 896 malos,
882 836 910 885 ut

114 902 825 975 mmmummnmmmfflmmmmnwfflmt

174 982 231 1032 404.
252 977 404 1049 Scriptores
423 987 589 1049 temporum,
611 979 661 1048 qui
680 980 803 1049 potiente
822 996 908 1036 rerunt

115 1053 209 1108 Flavia
225 1052 319 1116 domo,
342 1063 517 1107 monumenta
536 1053 603 1107 belli
619 1052 735 1108 huiusce
751 1071 909 1133 composue-

115 1136 187 1190 runt,
201 1146 291 1182 curam
302 1135 379 1196 pacta
392 1139 415 1183 et
425 1132 714 1196 amoremreipublicoe,
726 1140 895 1219 corruptas
883 1130 909 1185 in

115 1202 315 1267 adulationem
333 1221 439 1258 caussae
453 1203 600 1257 tradidere
630 1202 730 1268 Nobis,
746 1220 832 1277 super
845 1222 910 1260 4444

114 1287 170 1333 tam
185 1245 332 1342 levitatem,
352 1288 387 1342 et,
403 1279 510 1350 prodito
526 1277 622 1342 Galba,
639 1278 724 1333 vilem
740 1297 806 1336 mox
821 1270 900 1335 lidenl

115 1355 298 1409 aemulatione
313 1355 395 1408 etiarn
411 1353 583 1424 invidiaque,
600 1371 634 1407 ne
652 1352 687 1407 ab
702 1354 766 1408 aliis
781 1355 856 1428 apud
865 1319 910 1411 vi

115 1431 222 1485 tellium
237 1430 394 1493 anteiretur,
411 1430 576 1500 pervertisse
591 1429 683 1500 ipsum
699 1429 821 1486 videtur.
848 1430 910 1487 Cae-

114 1507 191 1570 cina,
209 1505 331 1578 legiones
347 1504 506 1568 adsecutus,
528 1505 719 1558 centurionum
739 1502 910 1579 militumque

115 1582 235 1644 animos,
255 1580 407 1634 obstinatos
422 1596 471 1650 pro
485 1579 610 1643 Vitellio,
627 1580 712 1634 variis
727 1581 835 1636 artibus
848 1580 911 1637 suli·

115 1655 224 1710 ruebat:
249 1655 331 1708 Basso
342 1654 437 1708 eadem
448 1654 572 1709 molienti
584 1656 673 1710 minor
684 1653 836 1711 dilfrcultas
846 1654 908 1723 erat,

116 1730 222 1784 lubrica
241 1729 275 1784 ad
294 1729 452 1783 mutandam
474 1728 556 1782 iidem
576 1732 678 1796 classe,
698 1729 734 1784 ob
755 1733 910 1795 memorien

115 1805 233 1858 recentis
245 1821 295 1876 pro
308 1804 414 1859 Othone
427 1805 554 1858 militiae.

400 1967 628 2002 --<m>«=-—

325 2103 461 2159 LlBEll
500 2105 709 2160 TERTlUS.

164 2295 338 2336 Breviertnrn.
361 2297 414 2346 cap.
429 2301 448 2337 1.
462 2298 569 2337 Flavianis
578 2299 604 2338 de
617 2299 699 2338 ratione
713 2299 765 2339 belli
778 2300 910 2341 deliberanti·

114 2363 155 2402 bus
164 2373 244 2402 44444444
253 2364 296 2409 alil,
313 2365 497 2405 emanationem
503 2366 609 2404 Antonius
615 2366 699 2404 Primus
708 2367 786 2407 suadet
801 2370 821 2408 a.
829 2374 851 2408 et
859 2368 910 2409 outt-

114 2434 157 2469 net.
179 2432 199 2469 4.
212 2431 312 2470 Proxlma
322 2430 385 2473 com.
396 2434 459 2472 Fusci
468 2434 591 2472 auctoritas.
613 2435 632 2471 4.
646 2434 756 2482 Principes
769 2435 910 2477 sumnum

114 2497 216 2545 Iazygum
226 2499 248 2536 ln
257 2501 404 2540 commilitium
417 2486 506 2539 adsciti.¹
524 2498 574 2537 sido
584 2502 606 2538 et
618 2499 706 2538 ltellcus
720 2500 840 2542 Suevorum
853 2512 911 2553 44344

111 2565 176 2602 tracti
187 2566 210 2603 44
221 2570 302 2613 parter.
326 2569 346 2608 4.
357 2570 376 2608 7.
389 2567 483 2608 Antonio
496 2567 581 2606 lteitnm
593 2568 703 2606 4444444444
715 2570 912 2611 444444444Δ44444

100 2628 176 2669 rarus.
201 2632 499 2688 Mulmnrbeeoecupant.
527 2635 651 2678 emerem
661 2634 837 2673 censuissem.
853 2636 919 2671 4444444

79 2692 168 2736 ’Μ’
177 2704 218 2739 ’44
227 2712 281 2746 ⁶⁰1⁰
289 2715 390 2750 nectunt
400 2708 559 2759 Vespasianus
569 2709 596 2745 et
601 2702 729 2741 illactenus
744 2700 770 2735 4
775 2696 919 2734 interimens

22 2718 160 2841 *atala
173 2768 283 2816 epistolis
301 2777 394 2822 boilum
413 2783 512 2834 gerunt.
542 2778 579 2819 tu.
591 2773 623 2814 't-
636 2759 881 2818 amplissimimis
894 2755 919 2793 w
