1950 3016
51 177 158 250 Μ.)
240 186 605 236 annumerare.
781 182 833 240 set

89 293 131 346 ra.
151 289 303 344 Evenerant
316 288 446 362 prodigia,
462 306 532 361 quae
546 289 736 362 nequehostiis
745 306 834 362 neque

49 367 103 423 otis
111 366 187 437 piare
200 363 240 418 las
249 364 329 418 habet
338 381 406 437 gene
415 364 596 435 superstitioni
605 365 728 431 obnoxia,
743 367 835 439 religi·

49 442 132 497 nibus
151 440 271 494 adversa.
311 440 390 494 Visae
409 456 456 511 per
470 438 575 494 coelum
588 443 832 507 eoneenereacies,

49 515 169 572 utilantia
185 532 268 577 arma,
283 522 310 568 et
320 514 411 568 subito
422 514 538 570 nubium
547 514 611 587 igne
620 513 757 569 conlucere
768 524 835 569 tern-

49 592 121 647 lem.
151 590 289 660 Expossee
296 597 403 660 repente
413 588 517 643 delubri
528 588 606 653 iores,
617 597 643 643 et
652 590 741 643 audite
752 590 836 644 maior

49 682 153 723 munna
163 681 225 728 vex,
236 668 360 718 eecedam
368 668 443 718 deor:
461 663 543 718 simul
554 665 651 736 ingene
660 672 749 719 motus
759 680 837 718 exee-

49 743 166 797 eetium.
206 738 282 804 Quae
293 740 372 809 pauci
384 740 413 793 in
426 747 528 793 metum
538 739 689 794 trahebant:
710 738 836 810 pluribus

49 816 174 873 ωιιιείο
183 813 276 878 inerat,
285 815 405 885 antiquis
413 814 579 868 sacerdotum
591 813 685 868 litteris
694 813 834 878 contineri,

49 909 68 947 e
77 893 142 962 ipso
153 898 271 960 tempore
286 887 350 952 lore,
370 896 401 943 ut
414 888 556 943 valesceret
565 887 663 943 Oriens
673 888 837 961 profectique

49 966 231 1023 odaearerum
241 965 399 1034 potirentur.
422 963 835 1037 Quaeambegesllespasiauum

49 1041 178 1097 alitum
196 1038 369 1109 praedixerat.
408 1037 459 1093 Sed
479 1039 588 1113 vulgus,
610 1056 685 1095 more
703 1040 836 1094 humanae

49 1113 242 1187 opid'mis,sibi
251 1121 351 1167 numm
360 1112 472 1168 latorum
484 1115 695 1188 magnitudinem
707 1116 837 1186 interpre-

49 1192 92 1254 rti,
108 1206 144 1244 ne
156 1187 277 1243 eduensis
289 1188 399 1260 quidem
409 1189 443 1242 ad
453 1206 514 1243 vera
524 1190 705 1245 mutabuntur.
744 1190 837 1243 Multi-

49 1265 157 1321 udinem
171 1264 353 1328 obsessorem,
367 1266 455 1319 omnis
465 1265 567 1327 aetatis,
578 1264 656 1318 virile
665 1278 696 1317 ae
705 1263 837 1317 muliebre

49 1352 125 1405 aeus,
145 1347 269 1394 sexcenta
281 1337 369 1392 millia
381 1337 465 1392 luisse
477 1339 639 1410 accepimus.
679 1340 760 1391 Arma
770 1352 838 1391 cun-

49 1416 96 1481 t'n,
116 1416 165 1487 qui
180 1412 248 1468 lerre
262 1421 382 1484 possent:
404 1412 540 1484 etplures,
560 1428 643 1485 quarn
656 1428 836 1483 pronumero,

49 1489 179 1547 edebant.
190 1487 338 1544 obstinatio
348 1489 414 1543 viris
424 1487 587 1559 luminisque
596 1502 660 1558 par:
671 1488 741 1551 ac,si
752 1496 839 1540 trans-

49 1582 106 1622 erre
118 1564 197 1620 sedes
210 1568 375 1637 cogerentur,
388 1562 474 1618 maior
483 1563 552 1618 vitae
563 1571 660 1626 metue
674 1578 757 1633 quare
767 1578 839 1616 mor·

48 1643 82 1697 ia.
120 1640 196 1694 liene
213 1638 341 1694 adversus
356 1639 450 1692 urbem
465 1646 626 1710 gentemque
639 1636 735 1692 Caesar
750 1637 836 1702 Titus,

49 1714 149 1789 prendo
160 1714 277 1786 impetus
290 1722 316 1769 et
329 1713 417 1768 subito
428 1713 491 1768 belli
504 1712 576 1768 locus
586 1712 722 1776 aborreret,
734 1714 839 1786 aggeri-

49 1804 90 1847 ιω
103 1790 246 1861 vineisque
259 1798 358 1843 certare
371 1790 470 1843 steterit.
510 1787 672 1843 Divideetur
687 1786 838 1861 legionibus

49 1866 143 1929 nenia,
165 1873 190 1918 et
203 1863 281 1935 quies
296 1863 456 1936 proeliorum
472 1860 535 1918 luit:
555 1863 639 1918 donec
648 1872 741 1917 eunom
752 1880 839 1935 expu-

49 1939 156 2015 gnandis
167 1938 282 1993 urbibus
296 1947 397 2011 repertu
411 1938 483 2011 apud
494 1946 603 2004 veteres,
620 1945 666 1993 aut
675 1939 752 1994 novis
762 1940 838 2011 inge-

49 2017 103 2081 d'u,
115 2022 290 2069 struerentur.

94 2091 137 2144 rt.
156 2087 304 2152 necinus,
316 2095 375 2159 post
384 2086 481 2141 malem
491 2087 518 2142 in
525 2085 647 2142 Treveris
656 2100 785 2160 pugnam,
796 2100 840 2139 re·

49 2172 130 2219 rerato
147 2180 196 2235 per
215 2163 386 2218 Germaniam
404 2162 531 2227 exercitu,
551 2162 623 2233 epud
642 2163 735 2216 Vetera
754 2168 839 2213 castra

49 2238 171 2295 ensedit:
192 2245 266 2305 tutus
283 2237 347 2302 loco,
364 2245 390 2291 et
402 2246 432 2292 ut
444 2238 571 2292 memoria
585 2251 773 2308 prosperarum
784 2233 840 2288 illic
890 2257 897 2269 ·

49 2330 130 2369 mum
148 2321 322 2385 augescerent
343 2312 515 2367 barbarorum
535 2310 629 2365 animi.
669 2309 781 2363 Secutus
800 2314 840 2361 est

49 2388 132 2444 edm
146 2386 270 2451 Cerialis,
283 2387 426 2458 duplicatis
440 2387 533 2457 eopiis,
546 2385 661 2439 adventu
673 2382 805 2437 secundae
815 2389 841 2436 et

49 2461 359 2535 tl.·eex1v.legr'0num.
380 2461 561 2531 Cobortesque
569 2466 594 2513 et
604 2458 669 2523 alae,
679 2457 840 2530 iampridem

49 2539 146 2603 celtae
157 2544 218 2609 post
227 2537 364 2591 victoriam
379 2541 592 2606 properaverant
631 2534 729 2587 Neuter
738 2533 844 2589 dueum

49 2620 183 2669 nouam.
221 2610 388 2667 Sedarcebat
398 2609 511 2668 latitudo
520 2607 867 2685 earuporurn,suopte'm·

49 2685 299 2742 aeromantiam.
321 2687 478 2747 Addiderat
487 2688 595 2748 Civilis
603 2678 892 2765 mereamim*-
