1950 3016
120 173 169 227 atil
355 179 407 225 D'E
426 179 679 226 oneroltmtts

118 279 283 335 institutione
293 287 318 333 ct
329 277 433 344 litteris,
448 279 546 336 lamam
558 280 723 352 eloquentiae
734 285 918 337 mesemrtunt.

118 354 186 409 Num
201 364 226 407 et
239 353 360 411 Secundo
374 373 459 426 purus
470 365 495 410 et
505 375 614 427 preesue
623 366 658 419 at,
675 360 848 427 inquantum
857 357 920 411 satie

118 439 182 492 erat,
204 427 338 498 pmlluene
357 448 445 486 sermo
465 431 625 487 nondeinit:
647 441 672 485 et
682 433 763 501 Aper,
783 429 921 487 communi

119 504 266 559 eruditione
278 506 400 569 inlnrtue,
415 508 599 561 mntemnebet
612 510 699 576 potius
713 505 825 569 litterae,
837 524 921 577 quam

119 581 262 642 nesciebat,
275 590 412 652 tamquam
423 586 551 637 nreiorem
562 583 709 635 industriae
718 592 745 637 et
756 582 855 637 lamrie
863 582 922 654 glo-

119 657 186 710 riam
204 655 353 720 habiturus,
369 658 394 710 si
405 657 544 728 ingenium
553 659 613 711 eius
623 656 707 712 nullis
718 656 868 713 alienarum
879 674 922 711 ar·

120 732 186 785 tium
198 730 369 786 adminiculis
379 732 458 785 inniti
469 732 613 787 videretur.

175 809 199 860 3.
221 806 314 877 Igitur,
326 815 356 860 ut
365 807 525 860 intravimus
535 805 922 871 cubiculumllaterni‚eedcn·

119 888 172 934 tem
188 884 278 950 ipsum
294 888 329 944 et,
349 898 431 951 quem
447 882 533 952 pridie
547 884 709 946 recitaverat,
731 880 832 936 librum
854 883 921 937 intra

120 974 216 1010 mentre
226 955 376 1019 habentem,
390 956 627 1026 deprehendimus.

174 1030 242 1083 Tum
254 1029 408 1085 Secundus:
429 1031 539 1086 Nihilne
548 1040 583 1096 tc,
595 1032 693 1102 inquit,
704 1033 832 1096 Materne,
845 1029 921 1087 iabu-

120 1104 160 1158 lae
179 1104 358 1176 malignorum
377 1115 485 1170 terrent,
506 1124 561 1177 quo
581 1111 672 1161 minus
686 1106 800 1161 offensae
813 1106 920 1162 Catonia

119 1180 156 1233 tui
169 1179 260 1234 ames?
278 1197 312 1233 an
324 1179 382 1235 ideo
393 1179 492 1235 librum
504 1182 586 1235 iatum
597 1181 807 1252 adprehendieti,
819 1191 851 1236 ut
858 1181 920 1237 dili·

118 1256 226 1328 gentiue
236 1263 398 1320 retractares,
410 1255 567 1320 eteuhlatie,
582 1257 606 1311 ei
620 1273 675 1327 qua
684 1273 781 1327 prevae
791 1258 920 1328 interpre-

119 1331 209 1385 tationi
231 1332 367 1385 materiam
389 1331 528 1395 delerant,
552 1332 686 1385 emitteres
704 1330 847 1398 Catonem,
869 1349 918 1387 nnn

119 1405 230 1477 quidem
240 1407 387 1470 meliorem,
398 1406 445 1460 eed
456 1416 543 1460 tameo
553 1405 733 1461 securiorem?

174 1481 243 1535 Tum
258 1480 313 1545 ille,
335 1481 428 1553 Leges,
448 1481 515 1552 quid
530 1481 667 1536 Maternus
680 1482 733 1536 eibi
743 1481 876 1546 debuerit,
894 1487 919 1534 et

119 1572 255 1628 agnosces,
275 1573 344 1627 quae
358 1556 466 1610 audisti.
506 1555 608 1621 Quodsi
616 1574 671 1628 qua
680 1558 772 1612 omisit
782 1555 856 1621 Cato,
878 1572 919 1611 ee·

119 1631 212 1701 quenti
226 1632 377 1685 recitatione
387 1631 515 1704 Thyesten
529 1631 607 1685 dicet.
647 1633 722 1686 lianc
733 1633 808 1686 enim
818 1640 918 1704 tragoe-

118 1704 191 1758 diem
211 1705 332 1775 disposui
355 1706 529 1760 iametintra
545 1707 662 1776 meipso
681 1705 810 1762 mmavir
840 1715 919 1777 atqua

118 1778 178 1832 ideo
188 1788 319 1833 maturare
330 1778 391 1834 libri
403 1781 485 1835 liniue
494 1780 636 1836 editionem
648 1780 753 1845 testim,
767 1787 799 1836 ut
807 1781 918 1835 dimissa

118 1853 206 1924 priore
215 1871 288 1918 cura,
304 1872 388 1910 novae
398 1857 546 1928 cogitationi
558 1863 610 1910 toto
619 1866 724 1927 pectore
732 1855 898 1910 incumbam.

174 1927 247 1984 Adeo
260 1939 287 1984 te
300 1930 450 2002 tragoediae
463 1931 528 1984 istae
542 1948 596 1985 non
607 1932 712 1996 satiant,
733 1932 827 2002 inquit
838 1930 917 2001 Aper,

118 2020 173 2076 quc
188 2005 289 2070 minue,
312 2006 421 2059 omissis
435 2005 584 2060 orationum
597 2014 624 2059 et
636 2023 794 2061 maenarum
810 2005 917 2070 suroris,

118 2096 197 2134 omne
215 2088 322 2151 tempus
341 2079 420 2134 modo
439 2081 507 2134 circa
527 2079 657 2147 Medeam,
678 2098 739 2135 ecce
757 2098 833 2135 nuuc
851 2083 919 2135 circa

118 2154 261 2228 Thyesten,
283 2153 444 2210 consumas?
463 2172 525 2209 cum
539 2163 575 2210 tot
589 2157 737 2211 amicorum
751 2173 874 2221 caussae,
884 2161 920 2212 tot

117 2229 281 2285 coloniarum
296 2238 321 2284 et
335 2231 544 2300 municipiorum
558 2230 703 2297 clientelae,
724 2232 752 2286 in
769 2230 859 2286 lorum
874 2248 920 2287 ve·

118 2313 186 2368 cent,
193 2305 294 2376 quibua
302 2306 348 2360 vix
358 2304 615 2370 sulliceree,etiamei
625 2324 678 2362 non
689 2324 791 2362 novum
802 2308 852 2362 tihi
863 2308 919 2379 ipee

119 2380 255 2452 negotium
274 2381 446 2450 inportunam,
467 2380 612 2435 Domitium
633 2393 659 2436 et
672 2381 810 2447 Camnem,
831 2382 917 2448 idest,

118 2463 221 2508 nostrae
236 2471 344 2526 quoque
358 2454 482 2511 historiae
495 2463 521 2510 et
534 2456 651 2512 ltomana
666 2459 786 2524 nomina,
805 2457 919 2514 Graeco·

112 2546 176 2583 rum
187 2528 287 2585 lebulie
296 2530 450 2606 adgregare.

160 2608 186 2662 l.
209 2607 246 2663 Et
254 2609 410 2676 Maternus,
419 2605 594 2664 Permrloarer
602 2605 919 2670 uaemamru'xtatami·

85 2679 118 2732 ω’
126 2680 270 2758 frequens
281 2696 313 2747 et
320 2686 445 2746 adsidua
457 2684 542 2744 nome
550 2678 939 2745 maciomanum*
