1950 3016
121 215 153 268 38
360 216 683 265 HISTO'RIARUM
783 207 916 282 (mulli.

120 322 222 376 iussus.
262 317 366 375 Valenti
375 317 508 375 inferioris
518 320 650 375 exereitus
660 317 745 383 electi,
756 334 819 372 eum
830 318 918 391 aquila

120 398 229 469 quintae
243 394 355 470 legionis
370 403 396 450 et
408 395 559 450 cohortibus
573 395 687 466 alisque,
711 393 744 448 ad
758 393 818 448 XL.
835 393 918 449 millia

120 480 281 526 armatorum
303 471 377 526 data:
407 471 489 525 XXX
507 470 592 524 millia
612 469 724 525 Caecina
746 486 761 523 e
783 472 919 541 superiore

120 547 263 603 Germania
277 546 398 610 ducebat,
413 563 530 618 qnorum
545 546 626 600 robur
641 544 709 619 legio
721 562 785 610 nna,
797 546 885 616 prima
895 552 919 599 et

120 623 258 688 vicesima,
273 621 332 678 tuit.
373 620 468 677 Addita
481 622 589 692 utrique
599 621 793 676 Germanorum
807 618 916 685 auxilia,

120 715 135 752 e
149 699 250 770 quibus
265 697 388 753 Vitellius
402 714 465 752 suas
479 713 587 769 quoque
600 697 689 767 eopias
703 695 854 766 supplevit,
866 702 918 750 tota

120 773 189 829 molo
200 773 262 828 belli
272 780 422 829 secuturus.

175 852 217 905 62.
238 850 303 904 Mira
318 850 386 903 inter
396 847 541 902 exercitum
554 847 794 917 imperatoremque
806 845 919 900 dirersi-

120 931 168 978 tas.
210 925 309 978 Instare
323 922 411 989 miles,
428 940 500 976 arma
515 938 632 993 poscere,
649 925 710 974 dum
723 921 828 976 Galliae
840 925 918 989 trept-

119 1004 189 1063 dern,
200 1002 260 1052 dum
269 1000 412 1066 Hispaniae
426 1007 584 1052 cunctentur.
625 997 682 1051 Non
692 1000 794 1051 obstare
804 998 917 1061 hiemen,

119 1091 200 1143 oeque
215 1079 324 1143 iprtovoe
336 1078 412 1142 pner's
425 1090 520 1127 morus.
559 1074 735 1127 invadendum
748 1072 864 1135 ltaliam,
876 1088 919 1126 on·

120 1153 372 1216 oupundomurbem.
413 1149 918 1216 Nilu'lt'ndiscordiisor'or'libussastioo-

120 1229 187 1277 tione
202 1229 289 1285 tutius,
306 1228 350 1278 abi
362 1230 432 1294 sueto
444 1227 535 1292 moola,
550 1241 628 1292 quam
638 1226 761 1284 consulto,
773 1240 838 1290 opus
848 1230 918 1277 estet.

119 1299 249 1370 Torpebat
259 1299 393 1364 Vitellius,
410 1306 435 1353 et
446 1298 576 1353 fortunam
588 1298 753 1370 principatus
763 1297 842 1353 inerti
854 1297 918 1353 luxu

120 1392 151 1429 ae
160 1374 277 1449 prodigis
288 1375 375 1446 epulis
385 1373 580 1445 praesumebat,
595 1373 683 1428 medin
692 1372 745 1426 diei
756 1372 918 1429 temulentus

120 1458 145 1505 et
159 1452 251 1524 sagina
265 1452 370 1525 gravis:
392 1467 454 1504 eum
469 1456 555 1503 tamen
572 1449 649 1503 ardor
659 1456 684 1502 et
695 1448 737 1503 vis
748 1448 867 1504 militurn
877 1448 919 1504 ul·

120 1535 160 1581 tro
178 1526 254 1580 ducis
274 1526 366 1580 munia
386 1524 512 1595 inplebat,
535 1532 563 1578 ut
576 1525 599 1578 si
614 1523 717 1578 adesset
729 1525 883 1594 imperator,
894 1530 918 1579 et

120 1602 236 1655 strenuis
247 1601 287 1654 vel
298 1601 403 1673 ignavis
414 1616 489 1670 spem
501 1606 657 1671 metumque
666 1597 782 1654 adderet.
816 1601 919 1655 lustru-

120 1676 154 1730 cti
168 1676 314 1746 intentique
325 1674 433 1801 sipnum
442 1672 611 1744 profectionis
621 1681 777 1746 exposcunt.
816 1675 918 1730 Nomen

120 1749 271 1806 Germanici
286 1748 353 1804 Vitel
366 1750 391 1802 io
410 1749 499 1802 statim
519 1748 654 1807 additum:
682 1749 822 1805 Caesarem
834 1768 863 1806 se
873 1750 918 1807 ad-

120 1823 213 1896 pellari
223 1824 302 1878 etiam
313 1824 395 1878 victor
405 1823 550 1894 probibuit.
591 1825 701 1880 Laetum
712 1826 858 1899 angurium
869 1827 919 1881 Fa-

120 1900 164 1954 bio
174 1898 277 1954 Valenti
291 1899 481 1972 exercituique,
493 1916 575 1971 quem
590 1901 618 1954 in
631 1901 730 1956 bellum
741 1901 844 1974 agebat,
861 1903 919 1973 ipso

119 1973 288 2045 profectionis
302 1973 355 2038 die,
371 1974 461 2046 aquila
476 1974 528 2030 leni
542 1983 640 2041 meatu,
651 1986 730 2048 prout
740 1992 836 2049 agmen
847 1977 919 2032 ince-

119 2049 201 2114 deret,
224 2047 296 2102 velut
314 2048 371 2104 dux
390 2051 459 2115 viae,
479 2051 655 2123 praevolavit:
687 2051 854 2125 longumque
872 2070 918 2125 per

119 2124 237 2197 spatium
247 2124 271 2178 is
280 2124 454 2197 gaudentium
465 2125 581 2181 militum
592 2127 699 2193 elamor,
708 2144 737 2181 ea
749 2127 826 2198 quies
837 2128 920 2183 inter-

119 2200 163 2255 riti
174 2198 244 2254 alitis
255 2198 314 2264 luit,
327 2208 356 2253 ut
366 2199 437 2255 baud
448 2201 561 2257 dubium
573 2220 685 2276 magnae
694 2210 720 2256 et
728 2218 871 2274 prosperae
881 2205 919 2259 rei

118 2293 202 2347 omen
207 2276 378 2346 acciperetur.

174 2354 215 2406 63.
237 2352 269 2404 Et
279 2350 536 2422 Treverosquidem‚
559 2360 587 2405 ut
601 2352 696 2416 socios,
717 2353 804 2407 securi
819 2354 918 2410 adiere.

119 2424 517 2499 Divodrrri(blediomatrioorum
530 2425 918 2502 idoppidumesthuamquam

119 2501 193 2556 omni
208 2502 329 2555 comitate
343 2510 465 2573 exceptos
479 2501 585 2556 subitus
595 2520 676 2572 pavor
687 2505 824 2569 exterruit,
835 2506 920 2576 raptis

114 2577 257 2643 derepente
270 2576 355 2631 armis
368 2577 401 2632 ad
415 2575 523 2632 caedem
538 2576 663 2634 innoxiae
673 2578 802 2632 ciuitatisz
822 2581 920 2634 uonob

86 2647 227 2711 praedam
242 2659 294 2706 aut
304 2653 447 2725 spoliandi
464 2672 499 2712 cu
522 2655 611 2724 idine,
626 2654 679 2711 sed
690 2653 783 2710 lurore
790 2664 818 2704 et
824 2652 902 2703 rabie
909 2661 939 2702 et

72 2721 190 2776 corrasis
195 2721 329 2799 mcertis,
345 2750 440 2810 eoque
451 2673 672 2796 difficilioribus
681 2725 835 2792 remttl'sss'r
853 2721 956 2780 Vm*
