1950 3016
278 193 484 245 numetis.
506 194 584 245 GAP.
604 196 648 245 25.
668 196 709 244 26.
840 192 890 247 395

94 294 391 368 ribuseteequentibus
404 304 608 369 anteponuntur.
646 297 797 365 Neerelart,
818 297 890 370 quod

94 371 440 442 interaespeciodilieraot,
453 374 802 445 cumgsaerecomantiane
836 373 891 431 Atl-

94 448 208 505 strictior
219 446 328 512 Calvus,
343 449 508 505 numerosior
517 447 638 513 Asinius,
654 447 816 519 splendidior
825 448 891 503 Cae-

94 540 148 589 sar,
169 522 284 579 amarior
296 521 413 587 Coelius,
431 523 537 596 gravior
550 523 657 588 Brutus,
678 523 856 579 vehementior
866 531 891 579 et

93 597 198 670 plenior
208 605 234 652 et
244 597 371 655 valentior
379 598 483 666 Cicero,
498 615 591 656 omnes
602 607 689 653 lamen
699 597 810 655 eandem
819 599 894 653 raai-

93 681 174 729 tatem
184 672 350 745 eloquentiae
359 672 460 741 terune
481 683 521 739 ut,
536 673 559 729 si
573 673 694 731 omnium
703 674 800 744 pariter
811 672 891 729 libros

93 750 123 804 in
133 765 245 805 manum
255 750 413 820 sumpseris,
426 749 505 815 scias,
519 749 644 820 quamvis
655 749 683 805 in
693 748 808 807 diversis
817 749 891 821 inge·

93 825 159 888 niis,
180 824 381 896 essequandam
391 824 485 881 iudicii
495 822 676 881 acvoluntatis
687 822 891 881 similitudinem

94 900 322 972 etcogoationem.
347 898 890 971 Namquodinvicemseobtreotaverunt,

94 974 131 1044 (et
138 983 286 1046 supersunt
293 974 383 1046 aliqua
392 974 512 1046 epistolis
520 991 613 1031 surum
623 975 732 1040 inserta,
745 991 780 1033 ex
790 974 892 1047 quibus

93 1058 189 1107 mutua
203 1048 356 1123 malignitas
370 1048 510 1123 detegitur)
524 1067 578 1107 non
592 1058 771 1107 saturatorum
782 1051 889 1117 vitium,

94 1125 143 1183 sed
156 1125 308 1183 hominum.
346 1126 414 1183 Nam
430 1134 455 1181 et
469 1124 582 1183 Calvum
597 1133 624 1181 et
632 1124 757 1183 Asinium
766 1133 791 1183 at
800 1127 891 1197 ipsum

94 1200 249 1259 Ciceronem
262 1200 340 1257 oredo
353 1201 444 1257 solitos
458 1208 483 1257 et
498 1200 619 1257 invidere
632 1211 657 1255 et
669 1200 753 1257 livere
765 1202 892 1259 etceteris

93 1278 229 1333 humanae
244 1275 405 1333 infirmitatis
419 1276 493 1332 viliis
502 1275 594 1331 adfici:
615 1273 703 1331 solum
713 1276 782 1331 inter
791 1275 839 1333 hos
850 1293 892 1333 ar-

93 1353 179 1410 bitror
190 1353 302 1407 Brutum
312 1369 365 1408 non
376 1351 540 1423 malignitate
549 1367 598 1405 neo
607 1349 720 1414 invidia,
731 1349 779 1407 sed
787 1350 893 1422 simpli-

94 1430 160 1485 citur
169 1429 328 1500 etingenue,
340 1425 472 1482 iudicium
481 1425 565 1481 animi
575 1424 618 1481 sui
630 1425 771 1481 detexisse.
796 1424 838 1482 Aa
848 1425 893 1482 ille

96 1505 217 1562 Ciceroni
236 1502 375 1566 invideret,
397 1501 446 1574 qui
465 1500 534 1557 mihi
547 1500 652 1556 videtur
668 1517 702 1554 ne
716 1498 894 1572 Caesariqui-

94 1581 157 1637 dem
176 1576 324 1639 invidisse?
351 1576 429 1644 Quod
441 1576 475 1633 ad
488 1575 545 1633 Ser.
560 1575 672 1633 Galbam
691 1584 717 1631 et
730 1574 760 1633 G.
772 1574 893 1633 Laelium

95 1655 205 1721 adtinet,
219 1655 283 1711 etsi
297 1671 365 1726 quos
380 1652 446 1710 alios
459 1653 631 1724 antiquorum
641 1651 740 1725 agitare
750 1668 803 1709 non
812 1650 893 1707 desti-

94 1733 141 1799 tit;
162 1748 216 1789 non
229 1731 313 1804 exigit
326 1728 501 1794 defensorem,
518 1745 580 1785 cum
594 1726 683 1794 fatear,
698 1727 830 1801 quaedam
840 1725 894 1783 elo-

95 1809 220 1880 quentiae
232 1823 336 1872 eorum,
356 1814 386 1861 ut
400 1803 626 1871 nascentiadhuo,
646 1820 696 1863 neo
703 1805 768 1861 satir
777 1801 891 1870 adultae,

95 1881 223 1941 doluisse.

150 1961 193 2017 26.
214 1956 337 2015 (letarum
347 1958 382 2024 ai,
393 1956 494 2017 omisso
502 1955 603 2027 optimo
611 1954 657 2011 illo
667 1963 692 2011 et
700 1954 892 2027 perfectissimo

94 2051 192 2110 genere
204 2033 379 2106 eloquentiae,
400 2031 520 2106 eligenda
531 2033 566 2086 sit
576 2030 659 2087 lorma
668 2031 783 2096 diremi,
799 2029 892 2085 malim

94 2110 208 2169 Hercule
216 2109 247 2167 C.
254 2109 368 2166 Gracchi
377 2110 498 2180 inpetum
508 2116 554 2169 eut
563 2108 593 2163 L.
604 2107 693 2164 Crassi
703 2107 890 2171 maturitatem,

95 2204 178 2260 quam
193 2185 356 2242 calamistros
370 2184 537 2248 Maecenatis,
558 2193 605 2241 aut
620 2183 733 2241 tinnitus
747 2181 890 2239 Gallionis:

95 2263 161 2319 adeo
171 2261 267 2317 melius
277 2269 325 2325 est,
337 2268 465 2317 oratorem
476 2259 517 2315 vel
528 2259 598 2313 hirta
607 2266 666 2331 toga
676 2257 796 2320 induere,
809 2273 892 2328 quam

52 2346 59 2359 ⁶
96 2338 192 2394 fucatis
206 2345 232 2392 et
244 2337 400 2393 meretriciis
410 2335 529 2392 vestibus
540 2333 679 2406 insignire.
718 2333 811 2404 Neque
820 2332 892 2387 enim

97 2412 227 2470 oratorius
235 2412 294 2476 ista,
306 2414 398 2477 immo,
411 2410 532 2475 Hercule,
544 2427 578 2465 ne
587 2407 675 2465 virilis
683 2407 794 2480 quidem
804 2407 892 2463 cultus

97 2495 151 2553 est,
177 2504 232 2559 quo
254 2488 375 2560 plerique
398 2495 547 2558 temporum
571 2491 721 2541 nostrorum
738 2492 837 2543 actores
856 2483 892 2538 ita

97 2572 220 2628 utuntur,
237 2571 268 2621 ut
281 2561 390 2620 lasmvia
399 2563 542 2621 verborum
554 2568 581 2617 et
589 2559 696 2619 levitate
702 2559 905 2615 senmurum

93 2648 121 2693 aa
128 2638 233 2695 licentia
242 2640 446 2712 compositionis
455 2636 636 2698 histrionalee
643 2630 930 2712 muuoaexnixmms

80 2701 924 2789 Quodamruaumsutasasaosueaaamouslw
965 2741 966 2744 ¹
