1950 3016
68 232 130 273 r.c.
143 214 193 288 ro.)
278 223 357 269 nra.
375 223 410 270 11.
430 224 519 271 cae.
539 224 657 270 aa-as.
828 215 858 271 n

66 324 113 383 ille
122 322 299 397 primipilaris
309 332 335 377 et
342 323 467 379 Caoeiuae
476 323 550 379 haud
557 323 670 391 alienus,
675 325 749 398 quod
756 325 862 381 ordines

66 403 96 457 in
106 402 252 457 Germania
263 399 384 453 duxerat

122 479 168 533 23.
187 473 334 546 Spurinna,
344 474 578 546 compertoitinere
587 473 714 539 boatium,
727 473 862 530 defensam

67 550 241 615 Placentiam,
251 565 375 622 quaeque
384 558 450 613 acta,
458 558 483 603 et
493 549 559 621 quid
569 549 679 604 Caecina
690 558 800 620 pararet,
808 551 863 605 hn-

68 628 147 682 nium
156 625 265 680 Gallum
276 640 324 696 per
334 623 432 678 litteras
441 624 524 679 docet.
564 623 658 679 Gallus
669 622 797 696 legionem
808 624 863 695 pn'-

68 718 143 757 mam
152 701 182 755 iu
192 699 325 755 auxilium
336 699 479 754 Placentiae
487 698 607 763 ducebat,
619 696 726 752 dillisus
734 701 863 770 paucitate

67 778 229 840 cohortium,
245 792 280 829 ne
295 774 399 848 longius
411 774 544 830 obsidium
554 783 580 827 et
589 775 645 827 rim
656 774 806 829 Germanici
817 790 864 828 ex-

68 854 169 908 ercitus
178 868 274 922 parum
289 850 436 905 tolerarent.
473 849 525 903 Ubi
534 848 643 920 pulsum
654 848 792 904 Caecinam
804 866 864 920 per-

67 944 132 1002 gere
145 926 304 981 Cremonam
321 925 429 995 accepit,
444 940 519 996 aegre
534 926 671 979 coercitam
686 923 826 997 legionem.
838 931 864 978 et

66 1001 209 1076 pugnandi
219 1001 310 1055 ardore
319 1015 406 1071 usque
416 998 449 1052 ad
459 999 612 1053 selitionem
622 1016 799 1073 progressam,
814 1000 863 1054 lie-

67 1079 152 1132 driaci
169 1076 249 1131 sistit.
290 1076 358 1128 lnter
372 1074 500 1128 Veronam
515 1074 725 1147 Cremonamque
740 1078 808 1129 situs
823 1082 863 1129 est

69 1154 157 1217 mous,
173 1151 279 1205 duabus
293 1151 346 1204 iam
360 1150 485 1204 llcmanis
498 1149 618 1205 cladibus
630 1159 708 1205 notus
717 1149 864 1206 infaustus·

66 1246 133 1300 que.
172 1226 270 1280 Iisdem
284 1225 379 1279 diebus
393 1225 510 1279 allartio
520 1226 606 1280 llacro
616 1225 687 1279 haud
698 1225 787 1296 procul
799 1225 863 1280 Cre-

68 1320 148 1358 mona
162 1316 287 1373 prospere
299 1308 457 1373 pugnatum.
496 1300 618 1370 Namque
630 1310 770 1371 promptus
780 1300 863 1354 animi

67 1379 181 1433 hlartius
200 1384 359 1430 anusvectca
379 1374 493 1428 navibus
511 1374 667 1447 gladiatores
681 1376 709 1428 in
724 1374 862 1428 adversam

68 1453 133 1508 Padi
144 1453 231 1523 ripam
241 1461 346 1521 repente
357 1449 458 1504 alludit.
492 1449 605 1503 Turbata
615 1449 652 1503 ibi
663 1448 863 1503 Vitellianorum

68 1526 180 1590 auxilia,
196 1535 231 1591 et,
247 1527 340 1580 ceteris
355 1525 510 1580 Cremonam
529 1523 703 1596 fugientibus,
718 1524 798 1582 caesi.
815 1524 863 1595 qui

67 1603 227 1659 restiterant.
252 1600 303 1654 Sed
314 1616 450 1672 repressus
460 1600 622 1653 vincentium
634 1599 749 1669 inpetus.
762 1615 804 1661 ne,
817 1616 863 1653 uo-

67 1679 112 1733 ris
121 1676 251 1731 subsidiis
262 1675 368 1738 firmati,
380 1675 467 1729 hostes
478 1673 608 1728 lortunam
619 1673 709 1744 praelii
721 1681 861 1729 mutarent.

66 1753 229 1823 Suspectum
240 1751 267 1805 id
278 1749 434 1805 Othonianis
446 1749 504 1813 luit,
515 1751 603 1804 omnia
613 1749 712 1803 ducum
728 1748 791 1804 lacta
803 1767 863 1820 pra-

67 1845 102 1883 ee
116 1826 329 1882 aestimantibus,
368 1824 501 1887 Certatim,
517 1825 675 1896 utquisque
689 1826 778 1880 animo
789 1827 863 1899 igna-

68 1921 133 1967 rus,
143 1919 241 1974 procax
250 1918 304 1965 ore,
319 1899 435 1954 Annium
447 1898 554 1954 Gallum
565 1908 590 1953 et
599 1899 752 1955 Suetonium
765 1900 863 1955 Paulli-

69 1995 138 2034 num
151 1986 178 2031 et
187 1977 300 2031 llarium
310 1975 417 2029 Celsum
432 1975 503 2046 (nam
513 1991 558 2028 eos
567 1973 635 2030 Otho
645 1992 752 2048 quoqtte
762 1975 863 2047 praeie-

67 2050 593 2125 cerat)variiscriminibusincessehant.
627 2051 863 2105 Acerrimasediti·

68 2146 153 2186 onum
169 2145 200 2182 ac
213 2125 359 2180 discordiae
371 2126 548 2188 incitamenta.
564 2125 739 2181 interfectores
753 2125 860 2180 Galbae.

67 2204 173 2260 Scelere
187 2211 212 2256 et
226 2210 297 2255 metu
308 2200 440 2261 vecordes,
452 2201 562 2254 miscere
572 2210 674 2262 cuncta,
686 2200 763 2254 modo
774 2198 859 2268 palam

68 2278 185 2335 turbidis
204 2277 325 2339 vocibus,
345 2275 423 2330 mele
440 2275 550 2329 occultis
562 2275 594 2330 ad
609 2275 737 2329 Othonem
754 2273 860 2327 litteris:

67 2356 118 2427 qui
128 2352 281 2407 humillimo
290 2351 389 2421 cuique
400 2349 533 2414 credulus,
548 2350 629 2406 bonos
640 2358 770 2408 metuens,
783 2348 863 2417 trepi-

67 2430 161 2493 dabot;
184 2428 263 2480 rebus
273 2427 406 2496 prosperis
415 2426 542 2488 incertus,
557 2433 581 2478 et
591 2426 658 2478 inter
669 2423 776 2476 adversa
787 2422 863 2476 meli-

67 2522 108 2560 or.
132 2502 363 2576 lgitur'litianum
375 2500 491 2564 lratrem,
502 2500 614 2554 accitum
624 2496 692 2552 bello
702 2497 868 2569 praeposuit.

65 2581 169 2633 interea
175 2576 291 2629 Paullini
299 2584 325 2628 et
333 2575 404 2630 Celsi
413 2575 498 2632 ductu
510 2594 554 2633 res
565 2574 692 2653 egregiae
701 2583 810 2651 gestae.

107 2651 150 2701 25.
169 2648 311 2715 augebant
327 2649 474 2709 &minam
497 2655 701 2732 nequidquam
726 2653 908 2711 omrirauoe-

63 2725 97 2778 θ’
111 2723 140 2766 0¹
147 2733 293 2775 aerumna
306 2728 452 2786 exereitus
462 2736 517 2792 sui
530 2734 622 2794 lama.
668 2733 788 2794 eutem
795 2727 929 2788 elaeae-
