<?xml version="1.0" encoding="UTF-8"?>
<!DOCTYPE html PUBLIC "-//W3C//DTD XHTML 1.0 Transitional//EN"
    "http://www.w3.org/TR/xhtml1/DTD/xhtml1-transitional.dtd">
<html xmlns="http://www.w3.org/1999/xhtml" xml:lang="en" lang="en">
 <head>
  <title>
</title>
<meta http-equiv="Content-Type" content="text/html;charset=utf-8" />
  <meta name='ocr-system' content='tesseract 3.04.00' />
  <meta name='ocr-capabilities' content='ocr_page ocr_carea ocr_par ocr_line ocrx_word'/>
</head>
<body>
  <div class='ocr_page' id='page_1' title='image "./ccorneliitaciti00weisgoog_0094.png"; bbox 0 0 1950 3016; ppageno 0'>
   <div class='ocr_carea' id='block_1_1' title="bbox 96 210 895 286">
    <p class='ocr_par' dir='ltr' id='par_1_1' title="bbox 96 210 895 286">
     <span class='ocr_line' id='line_1_1' title="bbox 96 210 895 286; baseline 0 -17"><span class='ocrx_word' id='word_1_1' title='bbox 96 232 120 269; x_wconf 83' lang='grc' dir='ltr'>ι.</span> <span class='ocrx_word' id='word_1_2' title='bbox 131 230 157 269; x_wconf 84' lang='lat' dir='ltr'>c.</span> <span class='ocrx_word' id='word_1_3' title='bbox 168 210 219 286; x_wconf 74' lang='lat' dir='ltr'>aa.)</span> <span class='ocrx_word' id='word_1_4' title='bbox 311 222 391 267; x_wconf 82' lang='lat' dir='ltr'>nra.</span> <span class='ocrx_word' id='word_1_5' title='bbox 409 222 445 268; x_wconf 86' lang='lat' dir='ltr'>tt</span> <span class='ocrx_word' id='word_1_6' title='bbox 466 222 555 269; x_wconf 70' lang='lat' dir='ltr'>cte.</span> <span class='ocrx_word' id='word_1_7' title='bbox 577 222 697 268; x_wconf 78' lang='lat' dir='ltr'>stt-ss.</span> <span class='ocrx_word' id='word_1_8' title='bbox 863 216 895 269; x_wconf 84' lang='lat'>87</span> 
     </span>
    </p>
   </div>
   <div class='ocr_carea' id='block_1_2' title="bbox 76 314 955 2797">
    <p class='ocr_par' dir='ltr' id='par_1_2' title="bbox 96 314 896 692">
     <span class='ocr_line' id='line_1_2' title="bbox 97 314 896 387; baseline -0.003 -8"><span class='ocrx_word' id='word_1_9' title='bbox 97 321 314 379; x_wconf 84' lang='lat' dir='ltr'>louooonsedisse</span> <span class='ocrx_word' id='word_1_10' title='bbox 324 320 425 376; x_wconf 87' lang='lat' dir='ltr'>incolae</span> <span class='ocrx_word' id='word_1_11' title='bbox 434 330 590 387; x_wconf 88' lang='lat' dir='ltr'>memorant,</span> <span class='ocrx_word' id='word_1_12' title='bbox 600 340 649 376; x_wconf 88' lang='lat' dir='ltr'>nec</span> <span class='ocrx_word' id='word_1_13' title='bbox 658 314 754 377; x_wconf 77' lang='lat' dir='ltr'>dei&#39;nde</span> <span class='ocrx_word' id='word_1_14' title='bbox 763 331 837 377; x_wconf 87' lang='lat' dir='ltr'>coetu</span> <span class='ocrx_word' id='word_1_15' title='bbox 846 322 896 377; x_wconf 90' lang='lat' dir='ltr'>ho-</span> 
     </span>
     <span class='ocr_line' id='line_1_3' title="bbox 97 396 896 468; baseline -0.004 -14"><span class='ocrx_word' id='word_1_16' title='bbox 97 400 202 453; x_wconf 89' lang='lat' dir='ltr'>minum</span> <span class='ocrx_word' id='word_1_17' title='bbox 211 406 258 451; x_wconf 87' lang='lat' dir='ltr'>ant</span> <span class='ocrx_word' id='word_1_18' title='bbox 267 396 536 452; x_wconf 77' lang='lat' dir='ltr'>circumvolitantium</span> <span class='ocrx_word' id='word_1_19' title='bbox 546 398 640 451; x_wconf 90' lang='lat' dir='ltr'>alitum</span> <span class='ocrx_word' id='word_1_20' title='bbox 651 399 767 451; x_wconf 88' lang='lat' dir='ltr'>territam</span> <span class='ocrx_word' id='word_1_21' title='bbox 775 398 896 468; x_wconf 88' lang='lat' dir='ltr'>pulsam-</span> 
     </span>
     <span class='ocr_line' id='line_1_4' title="bbox 97 470 896 542; baseline -0.001 -14"><span class='ocrx_word' id='word_1_22' title='bbox 97 491 136 539; x_wconf 84' lang='lat' dir='ltr'>ve,</span> <span class='ocrx_word' id='word_1_23' title='bbox 157 473 243 527; x_wconf 88' lang='lat' dir='ltr'>donee</span> <span class='ocrx_word' id='word_1_24' title='bbox 257 470 326 527; x_wconf 90' lang='lat' dir='ltr'>Otho</span> <span class='ocrx_word' id='word_1_25' title='bbox 346 474 452 542; x_wconf 89' lang='lat' dir='ltr'>seipse</span> <span class='ocrx_word' id='word_1_26' title='bbox 470 474 640 526; x_wconf 78' lang='lat' dir='ltr'>interficeret:</span> <span class='ocrx_word' id='word_1_27' title='bbox 663 481 721 526; x_wconf 90' lang='lat' dir='ltr'>tum</span> <span class='ocrx_word' id='word_1_28' title='bbox 735 472 848 526; x_wconf 89' lang='lat' dir='ltr'>ablatam</span> <span class='ocrx_word' id='word_1_29' title='bbox 862 490 896 527; x_wconf 84' lang='lat' dir='ltr'>ex</span> 
     </span>
     <span class='ocr_line' id='line_1_5' title="bbox 96 547 896 619; baseline -0.003 -17"><span class='ocrx_word' id='word_1_30' title='bbox 96 547 195 603; x_wconf 88' lang='lat' dir='ltr'>oculis:</span> <span class='ocrx_word' id='word_1_31' title='bbox 212 557 239 601; x_wconf 90' lang='lat' dir='ltr'>et</span> <span class='ocrx_word' id='word_1_32' title='bbox 248 556 366 617; x_wconf 84' lang='lat' dir='ltr'>tempora</span> <span class='ocrx_word' id='word_1_33' title='bbox 375 548 570 617; x_wconf 87' lang='lat' dir='ltr'>reputantibus,</span> <span class='ocrx_word' id='word_1_34' title='bbox 581 548 690 601; x_wconf 88' lang='lat' dir='ltr'>initium</span> <span class='ocrx_word' id='word_1_35' title='bbox 700 547 835 619; x_wconf 83' lang='lat' dir='ltr'>finemque</span> <span class='ocrx_word' id='word_1_36' title='bbox 844 548 896 600; x_wconf 90' lang='lat' dir='ltr'>mi·</span> 
     </span>
     <span class='ocr_line' id='line_1_6' title="bbox 96 620 634 692; baseline -0.002 -15"><span class='ocrx_word' id='word_1_37' title='bbox 96 620 178 678; x_wconf 92' lang='lat' dir='ltr'>raculi</span> <span class='ocrx_word' id='word_1_38' title='bbox 188 638 252 676; x_wconf 89' lang='lat' dir='ltr'>cum</span> <span class='ocrx_word' id='word_1_39' title='bbox 262 622 375 677; x_wconf 88' lang='lat' dir='ltr'>Othonis</span> <span class='ocrx_word' id='word_1_40' title='bbox 384 623 457 675; x_wconf 81' lang='lat' dir='ltr'>exitu</span> <span class='ocrx_word' id='word_1_41' title='bbox 467 622 634 692; x_wconf 85' lang='lat' dir='ltr'>competisse.</span> 
     </span>
    </p>

    <p class='ocr_par' dir='ltr' id='par_1_3' title="bbox 96 693 897 1425">
     <span class='ocr_line' id='line_1_7' title="bbox 148 693 896 751; baseline -0.005 0"><span class='ocrx_word' id='word_1_42' title='bbox 148 700 194 751; x_wconf 78' lang='lat' dir='ltr'>lii.</span> <span class='ocrx_word' id='word_1_43' title='bbox 215 697 246 750; x_wconf 93' lang='lat' dir='ltr'>ln</span> <span class='ocrx_word' id='word_1_44' title='bbox 261 696 354 750; x_wconf 81' lang='lat' dir='ltr'>sunere</span> <span class='ocrx_word' id='word_1_45' title='bbox 367 697 426 750; x_wconf 91' lang='lat' dir='ltr'>eius</span> <span class='ocrx_word' id='word_1_46' title='bbox 441 706 535 751; x_wconf 88' lang='lat' dir='ltr'>novata</span> <span class='ocrx_word' id='word_1_47' title='bbox 552 696 625 750; x_wconf 87' lang='lat' dir='ltr'>luctu</span> <span class='ocrx_word' id='word_1_48' title='bbox 639 713 671 750; x_wconf 91' lang='lat' dir='ltr'>ac</span> <span class='ocrx_word' id='word_1_49' title='bbox 680 695 770 750; x_wconf 89' lang='lat' dir='ltr'>dolore</span> <span class='ocrx_word' id='word_1_50' title='bbox 779 693 896 748; x_wconf 90' lang='lat' dir='ltr'>militum</span> 
     </span>
     <span class='ocr_line' id='line_1_8' title="bbox 96 771 897 844; baseline -0.005 -17"><span class='ocrx_word' id='word_1_51' title='bbox 96 771 200 827; x_wconf 77' lang='lat' dir='ltr'>salitio.</span> <span class='ocrx_word' id='word_1_52' title='bbox 240 771 296 825; x_wconf 90' lang='lat' dir='ltr'>Nec</span> <span class='ocrx_word' id='word_1_53' title='bbox 304 778 369 835; x_wconf 88' lang='lat' dir='ltr'>erat,</span> <span class='ocrx_word' id='word_1_54' title='bbox 382 771 430 842; x_wconf 89' lang='lat' dir='ltr'>qui</span> <span class='ocrx_word' id='word_1_55' title='bbox 440 780 578 826; x_wconf 87' lang='lat' dir='ltr'>coerceret.</span> <span class='ocrx_word' id='word_1_56' title='bbox 617 771 897 844; x_wconf 60' lang='lat' dir='ltr'>Advergn&#39;ninmver-</span> 
     </span>
     <span class='ocr_line' id='line_1_9' title="bbox 96 845 897 917; baseline -0.004 -17"><span class='ocrx_word' id='word_1_57' title='bbox 96 848 127 911; x_wconf 89' lang='lat' dir='ltr'>si,</span> <span class='ocrx_word' id='word_1_58' title='bbox 143 845 234 910; x_wconf 82' lang='lat' dir='ltr'>modo,</span> <span class='ocrx_word' id='word_1_59' title='bbox 255 854 285 900; x_wconf 90' lang='lat' dir='ltr'>ut</span> <span class='ocrx_word' id='word_1_60' title='bbox 298 846 426 916; x_wconf 87' lang='lat' dir='ltr'>reciperet</span> <span class='ocrx_word' id='word_1_61' title='bbox 438 847 594 916; x_wconf 89' lang='lat' dir='ltr'>imperium,</span> <span class='ocrx_word' id='word_1_62' title='bbox 618 863 700 910; x_wconf 86' lang='lat' dir='ltr'>nunc,</span> <span class='ocrx_word' id='word_1_63' title='bbox 723 857 752 899; x_wconf 91' lang='lat' dir='ltr'>nt</span> <span class='ocrx_word' id='word_1_64' title='bbox 767 845 897 917; x_wconf 77' lang='lat' dir='ltr'>legatione</span> 
     </span>
     <span class='ocr_line' id='line_1_10' title="bbox 96 919 897 993; baseline -0.004 -18"><span class='ocrx_word' id='word_1_65' title='bbox 96 921 168 992; x_wconf 89' lang='lat' dir='ltr'>a&#39;pud</span> <span class='ocrx_word' id='word_1_66' title='bbox 187 920 328 975; x_wconf 78' lang='lat' dir='ltr'>Caecinam</span> <span class='ocrx_word' id='word_1_67' title='bbox 347 937 378 974; x_wconf 88' lang='lat' dir='ltr'>ac</span> <span class='ocrx_word' id='word_1_68' title='bbox 391 919 529 976; x_wconf 83' lang='lat' dir='ltr'>Valentem</span> <span class='ocrx_word' id='word_1_69' title='bbox 551 920 721 993; x_wconf 81' lang='lat' dir='ltr'>iungeretur,</span> <span class='ocrx_word' id='word_1_70' title='bbox 743 922 897 974; x_wconf 84' lang='lat' dir='ltr'>minitantes</span> 
     </span>
     <span class='ocr_line' id='line_1_11' title="bbox 96 994 897 1068; baseline -0.005 -17"><span class='ocrx_word' id='word_1_71' title='bbox 96 996 215 1051; x_wconf 87' lang='lat' dir='ltr'>orabant.</span> <span class='ocrx_word' id='word_1_72' title='bbox 254 995 408 1068; x_wconf 82' lang='lat' dir='ltr'>Verginius,</span> <span class='ocrx_word' id='word_1_73' title='bbox 422 1011 470 1065; x_wconf 89' lang='lat' dir='ltr'>per</span> <span class='ocrx_word' id='word_1_74' title='bbox 482 1013 604 1049; x_wconf 88' lang='lat' dir='ltr'>aversam</span> <span class='ocrx_word' id='word_1_75' title='bbox 620 996 717 1051; x_wconf 87' lang='lat' dir='ltr'>domus</span> <span class='ocrx_word' id='word_1_76' title='bbox 727 1006 828 1067; x_wconf 86' lang='lat' dir='ltr'>partem</span> <span class='ocrx_word' id='word_1_77' title='bbox 840 994 897 1048; x_wconf 86' lang='lat' dir='ltr'>snr-</span> 
     </span>
     <span class='ocr_line' id='line_1_12' title="bbox 96 1068 894 1142; baseline -0.004 -17"><span class='ocrx_word' id='word_1_78' title='bbox 96 1072 143 1125; x_wconf 90' lang='lat' dir='ltr'>tim</span> <span class='ocrx_word' id='word_1_79' title='bbox 158 1070 312 1142; x_wconf 78' lang='lat' dir='ltr'>degressus,</span> <span class='ocrx_word' id='word_1_80' title='bbox 333 1069 517 1140; x_wconf 90' lang='lat' dir='ltr'>inrumpentes</span> <span class='ocrx_word' id='word_1_81' title='bbox 534 1068 675 1125; x_wconf 79' lang='lat' dir='ltr'>frustratus</span> <span class='ocrx_word' id='word_1_82' title='bbox 694 1079 743 1124; x_wconf 89' lang='lat' dir='ltr'>est.</span> <span class='ocrx_word' id='word_1_83' title='bbox 782 1071 894 1134; x_wconf 85' lang='lat' dir='ltr'>Earum,</span> 
     </span>
     <span class='ocr_line' id='line_1_13' title="bbox 96 1143 895 1217; baseline -0.005 -17"><span class='ocrx_word' id='word_1_84' title='bbox 96 1162 166 1216; x_wconf 89' lang='lat' dir='ltr'>quae</span> <span class='ocrx_word' id='word_1_85' title='bbox 173 1143 282 1199; x_wconf 78' lang='lat' dir='ltr'>Brixelli</span> <span class='ocrx_word' id='word_1_86' title='bbox 292 1154 408 1217; x_wconf 79' lang='lat' dir='ltr'>egerant,</span> <span class='ocrx_word' id='word_1_87' title='bbox 419 1145 568 1199; x_wconf 85' lang='lat' dir='ltr'>cohortium</span> <span class='ocrx_word' id='word_1_88' title='bbox 576 1163 668 1217; x_wconf 87' lang='lat' dir='ltr'>preces</span> <span class='ocrx_word' id='word_1_89' title='bbox 677 1145 794 1199; x_wconf 86' lang='lat' dir='ltr'>llnhrius</span> <span class='ocrx_word' id='word_1_90' title='bbox 801 1144 895 1199; x_wconf 85' lang='lat' dir='ltr'>Gallus</span> 
     </span>
     <span class='ocr_line' id='line_1_14' title="bbox 97 1218 897 1291; baseline -0.003 -18"><span class='ocrx_word' id='word_1_91' title='bbox 97 1218 164 1274; x_wconf 87' lang='lat' dir='ltr'>tulit.</span> <span class='ocrx_word' id='word_1_92' title='bbox 204 1219 240 1273; x_wconf 89' lang='lat' dir='ltr'>Et</span> <span class='ocrx_word' id='word_1_93' title='bbox 249 1221 326 1273; x_wconf 88' lang='lat' dir='ltr'>venia</span> <span class='ocrx_word' id='word_1_94' title='bbox 340 1220 429 1272; x_wconf 88' lang='lat' dir='ltr'>statim</span> <span class='ocrx_word' id='word_1_95' title='bbox 443 1220 579 1291; x_wconf 89' lang='lat' dir='ltr'>inpetrata,</span> <span class='ocrx_word' id='word_1_96' title='bbox 595 1219 799 1274; x_wconf 84' lang='lat' dir='ltr'>concedentibus</span> <span class='ocrx_word' id='word_1_97' title='bbox 811 1219 844 1272; x_wconf 93' lang='lat' dir='ltr'>ad</span> <span class='ocrx_word' id='word_1_98' title='bbox 856 1219 897 1271; x_wconf 92' lang='lat' dir='ltr'>vi-</span> 
     </span>
     <span class='ocr_line' id='line_1_15' title="bbox 96 1293 897 1366; baseline -0.005 -17"><span class='ocrx_word' id='word_1_99' title='bbox 96 1304 194 1349; x_wconf 87' lang='lat' dir='ltr'>ctorem</span> <span class='ocrx_word' id='word_1_100' title='bbox 208 1310 256 1366; x_wconf 87' lang='lat' dir='ltr'>per</span> <span class='ocrx_word' id='word_1_101' title='bbox 270 1294 392 1349; x_wconf 80' lang='lat' dir='ltr'>Flavium</span> <span class='ocrx_word' id='word_1_102' title='bbox 403 1293 534 1349; x_wconf 84' lang='lat' dir='ltr'>Sabinum</span> <span class='ocrx_word' id='word_1_103' title='bbox 547 1295 582 1349; x_wconf 89' lang='lat' dir='ltr'>iis</span> <span class='ocrx_word' id='word_1_104' title='bbox 595 1296 689 1366; x_wconf 89' lang='lat' dir='ltr'>copiis,</span> <span class='ocrx_word' id='word_1_105' title='bbox 705 1294 807 1365; x_wconf 88' lang='lat' dir='ltr'>quibus</span> <span class='ocrx_word' id='word_1_106' title='bbox 819 1308 897 1364; x_wconf 87' lang='lat' dir='ltr'>prae·</span> 
     </span>
     <span class='ocr_line' id='line_1_16' title="bbox 96 1368 749 1425; baseline -0.005 -1"><span class='ocrx_word' id='word_1_107' title='bbox 96 1368 190 1425; x_wconf 87' lang='lat' dir='ltr'>brerat.</span> <span class='ocrx_word' id='word_1_108' title='bbox 747 1417 749 1421; x_wconf 89' lang='lat'><em>.</em></span> 
     </span>
    </p>

    <p class='ocr_par' dir='ltr' id='par_1_4' title="bbox 89 1442 897 2547">
     <span class='ocr_line' id='line_1_17' title="bbox 148 1442 897 1516; baseline -0.007 -17"><span class='ocrx_word' id='word_1_109' title='bbox 148 1447 193 1501; x_wconf 78' lang='lat' dir='ltr'>tta.</span> <span class='ocrx_word' id='word_1_110' title='bbox 216 1444 302 1498; x_wconf 85' lang='lat' dir='ltr'>Posito</span> <span class='ocrx_word' id='word_1_111' title='bbox 312 1442 413 1514; x_wconf 87' lang='lat' dir='ltr'>ubique</span> <span class='ocrx_word' id='word_1_112' title='bbox 422 1442 500 1507; x_wconf 92' lang='lat' dir='ltr'>bello,</span> <span class='ocrx_word' id='word_1_113' title='bbox 513 1461 610 1516; x_wconf 79' lang='lat' dir='ltr'>magna</span> <span class='ocrx_word' id='word_1_114' title='bbox 619 1460 682 1513; x_wconf 91' lang='lat' dir='ltr'>pars</span> <span class='ocrx_word' id='word_1_115' title='bbox 691 1449 800 1496; x_wconf 88' lang='lat' dir='ltr'>senatus</span> <span class='ocrx_word' id='word_1_116' title='bbox 811 1448 897 1494; x_wconf 86' lang='lat' dir='ltr'>extre·</span> 
     </span>
     <span class='ocr_line' id='line_1_18' title="bbox 98 1515 894 1589; baseline -0.008 -16"><span class='ocrx_word' id='word_1_117' title='bbox 98 1536 172 1574; x_wconf 89' lang='lat' dir='ltr'>mum</span> <span class='ocrx_word' id='word_1_118' title='bbox 191 1518 337 1572; x_wconf 87' lang='lat' dir='ltr'>discrimen</span> <span class='ocrx_word' id='word_1_119' title='bbox 355 1518 429 1583; x_wconf 89' lang='lat' dir='ltr'>adiit,</span> <span class='ocrx_word' id='word_1_120' title='bbox 450 1517 564 1589; x_wconf 83' lang='lat' dir='ltr'>proiecta</span> <span class='ocrx_word' id='word_1_121' title='bbox 579 1535 642 1572; x_wconf 90' lang='lat' dir='ltr'>cum</span> <span class='ocrx_word' id='word_1_122' title='bbox 657 1516 760 1572; x_wconf 84' lang='lat' dir='ltr'>Othone</span> <span class='ocrx_word' id='word_1_123' title='bbox 774 1516 808 1570; x_wconf 91' lang='lat' dir='ltr'>ab</span> <span class='ocrx_word' id='word_1_124' title='bbox 819 1515 894 1579; x_wconf 90' lang='lat' dir='ltr'>urhe,</span> 
     </span>
     <span class='ocr_line' id='line_1_19' title="bbox 96 1590 894 1662; baseline -0.008 -13"><span class='ocrx_word' id='word_1_125' title='bbox 96 1593 158 1649; x_wconf 87' lang='lat' dir='ltr'>dein</span> <span class='ocrx_word' id='word_1_126' title='bbox 167 1592 395 1649; x_wconf 87' lang='lat' dir='ltr'>illutinaerelicta.</span> <span class='ocrx_word' id='word_1_127' title='bbox 419 1592 487 1647; x_wconf 90' lang='lat' dir='ltr'>lllnc</span> <span class='ocrx_word' id='word_1_128' title='bbox 495 1593 608 1647; x_wconf 84' lang='lat' dir='ltr'>adverso</span> <span class='ocrx_word' id='word_1_129' title='bbox 616 1593 649 1647; x_wconf 89' lang='lat' dir='ltr'>de</span> <span class='ocrx_word' id='word_1_130' title='bbox 658 1591 757 1662; x_wconf 90' lang='lat' dir='ltr'>proelio</span> <span class='ocrx_word' id='word_1_131' title='bbox 767 1590 894 1644; x_wconf 85' lang='lat' dir='ltr'>adlatum.</span> 
     </span>
     <span class='ocr_line' id='line_1_20' title="bbox 96 1665 897 1738; baseline -0.005 -15"><span class='ocrx_word' id='word_1_132' title='bbox 96 1667 147 1723; x_wconf 85' lang='lat' dir='ltr'>Sed</span> <span class='ocrx_word' id='word_1_133' title='bbox 161 1667 272 1732; x_wconf 88' lang='lat' dir='ltr'>milites,</span> <span class='ocrx_word' id='word_1_134' title='bbox 289 1677 318 1722; x_wconf 91' lang='lat' dir='ltr'>nt</span> <span class='ocrx_word' id='word_1_135' title='bbox 328 1666 425 1722; x_wconf 84' lang='lat' dir='ltr'>laisum</span> <span class='ocrx_word' id='word_1_136' title='bbox 435 1684 569 1722; x_wconf 92' lang='lat' dir='ltr'>rumorem</span> <span class='ocrx_word' id='word_1_137' title='bbox 580 1676 760 1738; x_wconf 87' lang='lat' dir='ltr'>aspernantes,</span> <span class='ocrx_word' id='word_1_138' title='bbox 772 1665 844 1737; x_wconf 90' lang='lat' dir='ltr'>quod</span> <span class='ocrx_word' id='word_1_139' title='bbox 855 1666 897 1719; x_wconf 92' lang='lat' dir='ltr'>in-</span> 
     </span>
     <span class='ocr_line' id='line_1_21' title="bbox 97 1741 897 1806; baseline -0.004 -9"><span class='ocrx_word' id='word_1_140' title='bbox 97 1742 204 1798; x_wconf 83' lang='lat' dir='ltr'>tensum</span> <span class='ocrx_word' id='word_1_141' title='bbox 219 1741 317 1797; x_wconf 86' lang='lat' dir='ltr'>Othoni</span> <span class='ocrx_word' id='word_1_142' title='bbox 330 1752 452 1797; x_wconf 90' lang='lat' dir='ltr'>senatum</span> <span class='ocrx_word' id='word_1_143' title='bbox 468 1742 672 1806; x_wconf 89' lang='lat' dir='ltr'>arbitrabantur,</span> <span class='ocrx_word' id='word_1_144' title='bbox 693 1742 826 1797; x_wconf 90' lang='lat' dir='ltr'>custodire</span> <span class='ocrx_word' id='word_1_145' title='bbox 840 1760 897 1795; x_wconf 90' lang='lat' dir='ltr'>ser-</span> 
     </span>
     <span class='ocr_line' id='line_1_22' title="bbox 97 1816 896 1888; baseline -0.004 -15"><span class='ocrx_word' id='word_1_146' title='bbox 97 1835 200 1883; x_wconf 86' lang='lat' dir='ltr'>mones,</span> <span class='ocrx_word' id='word_1_147' title='bbox 216 1816 322 1873; x_wconf 87' lang='lat' dir='ltr'>vnltum</span> <span class='ocrx_word' id='word_1_148' title='bbox 336 1817 513 1888; x_wconf 88' lang='lat' dir='ltr'>habitumque</span> <span class='ocrx_word' id='word_1_149' title='bbox 526 1817 629 1871; x_wconf 87' lang='lat' dir='ltr'>trahere</span> <span class='ocrx_word' id='word_1_150' title='bbox 642 1819 670 1871; x_wconf 91' lang='lat' dir='ltr'>in</span> <span class='ocrx_word' id='word_1_151' title='bbox 681 1817 811 1872; x_wconf 89' lang='lat' dir='ltr'>deterius:</span> <span class='ocrx_word' id='word_1_152' title='bbox 832 1834 896 1871; x_wconf 89' lang='lat' dir='ltr'>eon-</span> 
     </span>
     <span class='ocr_line' id='line_1_23' title="bbox 97 1892 895 1963; baseline -0.006 -14"><span class='ocrx_word' id='word_1_153' title='bbox 97 1894 175 1949; x_wconf 81' lang='lat' dir='ltr'>viciis</span> <span class='ocrx_word' id='word_1_154' title='bbox 194 1901 329 1963; x_wconf 87' lang='lat' dir='ltr'>postremo</span> <span class='ocrx_word' id='word_1_155' title='bbox 346 1909 378 1946; x_wconf 91' lang='lat' dir='ltr'>ac</span> <span class='ocrx_word' id='word_1_156' title='bbox 397 1892 500 1963; x_wconf 88' lang='lat' dir='ltr'>probris</span> <span class='ocrx_word' id='word_1_157' title='bbox 515 1909 637 1946; x_wconf 84' lang='lat' dir='ltr'>caussam</span> <span class='ocrx_word' id='word_1_158' title='bbox 650 1901 676 1947; x_wconf 91' lang='lat' dir='ltr'>et</span> <span class='ocrx_word' id='word_1_159' title='bbox 689 1893 795 1946; x_wconf 90' lang='lat' dir='ltr'>initium</span> <span class='ocrx_word' id='word_1_160' title='bbox 807 1892 895 1946; x_wconf 88' lang='lat' dir='ltr'>caedis</span> 
     </span>
     <span class='ocr_line' id='line_1_24' title="bbox 89 1966 897 2040; baseline -0.005 -18"><span class='ocrx_word' id='word_1_161' title='bbox 89 1967 272 2040; x_wconf 74' lang='lat' dir='ltr'>quaerebant:</span> <span class='ocrx_word' id='word_1_162' title='bbox 293 1984 356 2021; x_wconf 88' lang='lat' dir='ltr'>cnm</span> <span class='ocrx_word' id='word_1_163' title='bbox 370 1966 439 2021; x_wconf 89' lang='lat' dir='ltr'>alius</span> <span class='ocrx_word' id='word_1_164' title='bbox 455 1968 564 2036; x_wconf 90' lang='lat' dir='ltr'>insuper</span> <span class='ocrx_word' id='word_1_165' title='bbox 578 1976 665 2021; x_wconf 88' lang='lat' dir='ltr'>metus</span> <span class='ocrx_word' id='word_1_166' title='bbox 675 1967 842 2022; x_wconf 86' lang='lat' dir='ltr'>senatoribus</span> <span class='ocrx_word' id='word_1_167' title='bbox 854 1968 897 2019; x_wconf 93' lang='lat' dir='ltr'>in-</span> 
     </span>
     <span class='ocr_line' id='line_1_25' title="bbox 96 2041 896 2113; baseline -0.006 -16"><span class='ocrx_word' id='word_1_168' title='bbox 96 2051 186 2107; x_wconf 88' lang='lat' dir='ltr'>staret,</span> <span class='ocrx_word' id='word_1_169' title='bbox 197 2060 242 2106; x_wconf 89' lang='lat' dir='ltr'>ne,</span> <span class='ocrx_word' id='word_1_170' title='bbox 253 2041 414 2113; x_wconf 87' lang='lat' dir='ltr'>praevalidis</span> <span class='ocrx_word' id='word_1_171' title='bbox 423 2043 477 2095; x_wconf 92' lang='lat' dir='ltr'>iam</span> <span class='ocrx_word' id='word_1_172' title='bbox 488 2041 586 2096; x_wconf 90' lang='lat' dir='ltr'>Vitellii</span> <span class='ocrx_word' id='word_1_173' title='bbox 596 2042 727 2112; x_wconf 88' lang='lat' dir='ltr'>partibus,</span> <span class='ocrx_word' id='word_1_174' title='bbox 743 2051 896 2096; x_wconf 85' lang='lat' dir='ltr'>cunctanter</span> 
     </span>
     <span class='ocr_line' id='line_1_26' title="bbox 97 2116 896 2188; baseline -0.009 -15"><span class='ocrx_word' id='word_1_175' title='bbox 97 2118 235 2188; x_wconf 86' lang='lat' dir='ltr'>excepisse</span> <span class='ocrx_word' id='word_1_176' title='bbox 244 2117 381 2173; x_wconf 85' lang='lat' dir='ltr'>victoriam</span> <span class='ocrx_word' id='word_1_177' title='bbox 391 2116 570 2170; x_wconf 87' lang='lat' dir='ltr'>crederentur.</span> <span class='ocrx_word' id='word_1_178' title='bbox 609 2117 645 2170; x_wconf 88' lang='lat' dir='ltr'>lta</span> <span class='ocrx_word' id='word_1_179' title='bbox 657 2116 753 2188; x_wconf 87' lang='lat' dir='ltr'>trepidi</span> <span class='ocrx_word' id='word_1_180' title='bbox 765 2124 790 2169; x_wconf 88' lang='lat' dir='ltr'>et</span> <span class='ocrx_word' id='word_1_181' title='bbox 800 2117 896 2168; x_wconf 89' lang='lat' dir='ltr'>utrim-</span> 
     </span>
     <span class='ocr_line' id='line_1_27' title="bbox 97 2189 894 2265; baseline -0.01 -17"><span class='ocrx_word' id='word_1_182' title='bbox 97 2210 149 2265; x_wconf 87' lang='lat' dir='ltr'>que</span> <span class='ocrx_word' id='word_1_183' title='bbox 168 2192 244 2247; x_wconf 86' lang='lat' dir='ltr'>anxii</span> <span class='ocrx_word' id='word_1_184' title='bbox 262 2200 371 2246; x_wconf 89' lang='lat' dir='ltr'>coeunt:</span> <span class='ocrx_word' id='word_1_185' title='bbox 401 2208 480 2245; x_wconf 91' lang='lat' dir='ltr'>nemo</span> <span class='ocrx_word' id='word_1_186' title='bbox 497 2191 623 2262; x_wconf 89' lang='lat' dir='ltr'>privatim</span> <span class='ocrx_word' id='word_1_187' title='bbox 637 2191 759 2261; x_wconf 86' lang='lat' dir='ltr'>expedito</span> <span class='ocrx_word' id='word_1_188' title='bbox 773 2189 894 2252; x_wconf 89' lang='lat' dir='ltr'>consilio,</span> 
     </span>
     <span class='ocr_line' id='line_1_28' title="bbox 97 2264 897 2336; baseline -0.01 -14"><span class='ocrx_word' id='word_1_189' title='bbox 97 2269 165 2323; x_wconf 90' lang='lat' dir='ltr'>inter</span> <span class='ocrx_word' id='word_1_190' title='bbox 179 2266 280 2322; x_wconf 88' lang='lat' dir='ltr'>multos</span> <span class='ocrx_word' id='word_1_191' title='bbox 289 2267 411 2321; x_wconf 86' lang='lat' dir='ltr'>societate</span> <span class='ocrx_word' id='word_1_192' title='bbox 424 2264 516 2336; x_wconf 88' lang='lat' dir='ltr'>culpae</span> <span class='ocrx_word' id='word_1_193' title='bbox 527 2266 615 2320; x_wconf 91' lang='lat' dir='ltr'>tutior.</span> <span class='ocrx_word' id='word_1_194' title='bbox 655 2265 786 2320; x_wconf 87' lang='lat' dir='ltr'>Onerabat</span> <span class='ocrx_word' id='word_1_195' title='bbox 797 2281 897 2333; x_wconf 83' lang='lat' dir='ltr'>paven-</span> 
     </span>
     <span class='ocr_line' id='line_1_29' title="bbox 97 2337 897 2411; baseline -0.009 -15"><span class='ocrx_word' id='word_1_196' title='bbox 97 2344 164 2397; x_wconf 88' lang='lat' dir='ltr'>tium</span> <span class='ocrx_word' id='word_1_197' title='bbox 175 2360 254 2397; x_wconf 87' lang='lat' dir='ltr'>curas</span> <span class='ocrx_word' id='word_1_198' title='bbox 263 2341 328 2397; x_wconf 87' lang='lat' dir='ltr'>orde</span> <span class='ocrx_word' id='word_1_199' title='bbox 336 2341 505 2405; x_wconf 85' lang='lat' dir='ltr'>Mutinensis,</span> <span class='ocrx_word' id='word_1_200' title='bbox 515 2357 588 2394; x_wconf 84' lang='lat' dir='ltr'>arma</span> <span class='ocrx_word' id='word_1_201' title='bbox 598 2349 624 2393; x_wconf 91' lang='lat' dir='ltr'>et</span> <span class='ocrx_word' id='word_1_202' title='bbox 632 2341 774 2411; x_wconf 88' lang='lat' dir='ltr'>pecuniam</span> <span class='ocrx_word' id='word_1_203' title='bbox 785 2337 897 2391; x_wconf 84' lang='lat' dir='ltr'>olieren-</span> 
     </span>
     <span class='ocr_line' id='line_1_30' title="bbox 96 2411 897 2490; baseline -0.007 -19"><span class='ocrx_word' id='word_1_204' title='bbox 96 2417 139 2481; x_wconf 90' lang='lat' dir='ltr'>do,</span> <span class='ocrx_word' id='word_1_205' title='bbox 150 2416 353 2490; x_wconf 86' lang='lat' dir='ltr'>adpellahatqua</span> <span class='ocrx_word' id='word_1_206' title='bbox 367 2426 456 2485; x_wconf 79' lang='lat' dir='ltr'>potres</span> <span class='ocrx_word' id='word_1_207' title='bbox 469 2420 635 2483; x_wconf 78' lang='lat' dir='ltr'>corucrtptos,</span> <span class='ocrx_word' id='word_1_208' title='bbox 651 2413 840 2483; x_wconf 87' lang='lat' dir='ltr'>intempestivo</span> <span class='ocrx_word' id='word_1_209' title='bbox 849 2411 897 2465; x_wconf 92' lang='lat' dir='ltr'>ho-</span> 
     </span>
     <span class='ocr_line' id='line_1_31' title="bbox 96 2508 170 2547; baseline -0.014 0"><span class='ocrx_word' id='word_1_210' title='bbox 96 2508 170 2547; x_wconf 87' lang='lat' dir='ltr'>nore.</span> 
     </span>
    </p>

    <p class='ocr_par' dir='ltr' id='par_1_5' title="bbox 92 2559 932 2715">
     <span class='ocr_line' id='line_1_32' title="bbox 151 2559 910 2641; baseline -0.005 -22"><span class='ocrx_word' id='word_1_211' title='bbox 151 2568 196 2619; x_wconf 78' lang='grc'>53.</span> <span class='ocrx_word' id='word_1_212' title='bbox 215 2563 336 2619; x_wconf 90' lang='lat' dir='ltr'>Notabile</span> <span class='ocrx_word' id='word_1_213' title='bbox 345 2565 463 2637; x_wconf 75' lang='lat' dir='ltr'>iurgium</span> <span class='ocrx_word' id='word_1_214' title='bbox 475 2561 558 2641; x_wconf 78' lang='lat' dir='ltr'>[inde]</span> <span class='ocrx_word' id='word_1_215' title='bbox 572 2561 633 2630; x_wconf 86' lang='lat' dir='ltr'>luit,</span> <span class='ocrx_word' id='word_1_216' title='bbox 644 2559 910 2637; x_wconf 65' lang='lat' dir='ltr'>qnobie&#39;niiuslne-</span> 
     </span>
     <span class='ocr_line' id='line_1_33' title="bbox 92 2638 932 2715; baseline 0 -25"><span class='ocrx_word' id='word_1_217' title='bbox 92 2638 311 2690; x_wconf 77' lang='lat' dir='ltr'>crhaMarcellum</span> <span class='ocrx_word' id='word_1_218' title='bbox 320 2639 447 2710; x_wconf 80' lang='lat' dir='ltr'>Eprium,</span> <span class='ocrx_word' id='word_1_219' title='bbox 462 2653 492 2697; x_wconf 83' lang='lat' dir='ltr'>at</span> <span class='ocrx_word' id='word_1_220' title='bbox 502 2647 635 2715; x_wconf 68' lang='lat' dir='ltr'>stratique</span> <span class='ocrx_word' id='word_1_221' title='bbox 645 2639 932 2704; x_wconf 52' lang='lat' dir='ltr'>&amp;marchunashusa-</span> 
     </span>
    </p>

    <p class='ocr_par' dir='ltr' id='par_1_6' title="bbox 76 2708 955 2797">
     <span class='ocr_line' id='line_1_34' title="bbox 76 2708 955 2797; baseline 0.013 -34"><span class='ocrx_word' id='word_1_222' title='bbox 76 2709 120 2758; x_wconf 74' lang='lat' dir='ltr'>sit</span> <span class='ocrx_word' id='word_1_223' title='bbox 158 2708 217 2759; x_wconf 78' lang='lat' dir='ltr'>Neo</span> <span class='ocrx_word' id='word_1_224' title='bbox 232 2712 315 2765; x_wconf 84' lang='lat' dir='ltr'>ceteri</span> <span class='ocrx_word' id='word_1_225' title='bbox 331 2718 490 2776; x_wconf 84' lang='lat' dir='ltr'>sententias</span> <span class='ocrx_word' id='word_1_226' title='bbox 514 2722 704 2797; x_wconf 77' lang='lat' dir='ltr'>aperiebant:</span> <span class='ocrx_word' id='word_1_227' title='bbox 734 2720 793 2780; x_wconf 75' lang='lat' dir='ltr'>seu</span> <span class='ocrx_word' id='word_1_228' title='bbox 810 2717 955 2777; x_wconf 61' lang='lat' dir='ltr'>tunsum</span> 
     </span>
    </p>
   </div>
   <div class='ocr_carea' id='block_1_3' title="bbox 0 0 982 3016">
    <p class='ocr_par' dir='ltr' id='par_1_7' title="bbox 0 0 982 3016">
     <span class='ocr_line' id='line_1_35' title="bbox 0 0 982 3016; baseline 0 0"><span class='ocrx_word' id='word_1_229' title='bbox 0 0 982 3016; x_wconf 95' lang='lat' dir='ltr'> </span> 
     </span>
    </p>
   </div>
  </div>
 </body>
</html>
