1950 3016
47 219 162 297 nare)
251 228 619 279 muretus-11.
787 226 838 282 235

47 339 143 388 notum
161 329 282 386 Caesaris
302 347 375 386 mors
393 331 510 386 diremit.
549 330 688 399 Claudius,
705 332 838 391 defunctis

47 408 149 481 ugibus
160 405 249 460 autad
260 406 396 461 modicum
406 407 528 474 redactis,
540 407 663 463 Iudaeam
673 413 837 479 provinciam

47 482 177 555 uultibus
197 480 323 535 Romanis
343 480 509 536 autlibertis
527 483 659 553 permisit.
698 483 719 536 E
737 487 838 556 quibus

47 557 172 613 latonius
185 555 261 610 Felix
276 573 324 626 per
339 573 445 610 omnem
456 557 594 611 saevitiam
605 574 636 611 ac
647 557 785 612 libidinem
795 561 838 614 ius

47 634 144 706 egium
154 630 246 685 servili
256 631 364 702 ingenio
378 633 505 697 exercuit,
516 631 642 698 Drusilla,
654 631 806 704 Cleopatrae
814 642 840 688 et

47 706 148 763 latonii
165 713 251 775 nepte,
271 706 300 759 in
321 707 520 761 matrimonium
535 717 653 778 accepta:
674 715 705 761 ut
719 709 839 763 eiusdem

47 782 148 838 latonii
157 781 234 835 Felix
243 797 382 853 progener,
395 780 524 836 Claudius
534 799 615 852 nepos
625 790 704 837 esset.

93 861 104 911 l
109 861 137 911 0.
158 857 269 910 Duravit
279 865 367 909 temen
382 857 505 925 patientia
516 857 620 911 ludaeis
630 857 760 928 usquead
773 857 840 911 Ges-

47 933 111 989 rium
132 931 240 986 Florum
260 940 465 1002 procuratorem.
504 931 561 986 Sub
575 949 606 987 eo
625 931 726 987 bellum
739 941 836 987 ortum.

47 1009 71 1063 lt
89 1007 267 1078 comprimere
286 1014 447 1075 coeptantem
465 1004 589 1061 Cestium·
604 1007 722 1071 Gallum,
746 1006 839 1081 Syriae

47 1090 167 1155 egatum,
191 1082 262 1135 varia
282 1079 380 1151 proelia
398 1097 429 1135 ac
448 1083 555 1152 saepius
573 1082 682 1136 adversa
701 1080 836 1154 excepere.

47 1156 90 1224 >ul
105 1156 152 1212 ubi
165 1154 226 1218 leto,
241 1162 288 1208 aut
302 1154 385 1209 taedio
399 1156 502 1220 oceidit,
519 1158 605 1211 missu
616 1158 728 1212 Neronis
738 1158 839 1229 Vespa-

47 1234 133 1287 uanus
143 1230 246 1285 lortuna
258 1229 380 1301 famaque
390 1237 414 1283 et
424 1232 538 1303 egregiis
549 1233 689 1295 ministris,
697 1233 762 1285 intre
771 1233 838 1286 duas

47 1314 161 1370 restetes,
172 1312 266 1360 cuncta
277 1321 430 1376 camporum
442 1322 600 1376 omnesque,
608 1315 709 1376 praeter
719 1307 840 1360 Hieroso-

47 1399 123 1456 yma,
135 1379 330 1442 urbes,victore
339 1380 455 1434 exercitu
466 1380 579 1434 tenebat.
600 1381 742 1434 Proximus
752 1398 839 1434 annus

47 1456 113 1511 tirili
128 1455 198 1510 bello
212 1456 339 1518 intentus,
360 1462 491 1524 quantum
506 1455 540 1508 ad
555 1455 673 1517 ludaeos,
696 1471 742 1524 per
754 1455 839 1508 otium

47 1531 152 1587 ransiit
192 1531 257 1583 Pace
272 1546 319 1600 per
333 1528 433 1582 ltaliam
448 1538 531 1600 parta,
543 1538 567 1583 et
577 1540 700 1584 externae
710 1546 789 1583 curae
799 1546 840 1583 re-

47 1607 120 1661 liere.
160 1604 281 1676 Augebat
296 1606 359 1667 iras,
379 1604 452 1675 quod
461 1604 511 1659 soli
524 1605 610 1659 ludaei
624 1621 675 1659 non
686 1605 838 1659 cessissent.

47 1679 127 1737 iimul
138 1697 245 1734 manere
254 1678 326 1749 apud
340 1680 471 1734 exercitus
481 1680 581 1743 Titum,
593 1680 625 1733 ad
636 1697 730 1733 omnes
740 1679 840 1750 princi·

47 1758 118 1811 latua
133 1755 194 1809 novi
210 1761 322 1807 eventus
336 1771 449 1807 casusve
460 1753 555 1808 utilius
569 1755 715 1809 videbatur.
757 1755 839 1828 [gitur

47 1831 143 1893 nstris,
158 1829 196 1884 uti
206 1829 336 1893 diximus,
352 1838 412 1882 ante
425 1830 528 1883 moenia
539 1829 780 1904 Hierosolymorum
791 1848 840 1902 po-

47 1905 108 1969 titis,
121 1906 264 1958 instructas
275 1903 390 1976 legiones
399 1905 548 1960 ostentavit.

95 1982 137 2033 ll.
159 1978 249 2032 Iudaei
264 1978 316 2032 sub
330 1980 402 2048 ipsos
416 1996 508 2033 muros
522 1987 642 2034 struxere
652 1980 746 2042 aciem,
758 1980 838 2034 rebus

47 2053 166 2109 recundis
181 2052 287 2125 longius
297 2054 400 2116 ausuri,
417 2062 452 2117 et,
463 2055 485 2106 si
497 2054 667 2126 pellerentur,
680 2063 769 2124 parato
778 2070 839 2124 per·

47 2130 122 2202 egio.
162 2129 262 2182 Missus
275 2129 303 2180 in
318 2145 363 2183 eos
376 2144 459 2199 eques
471 2146 532 2182 cum
546 2129 676 2199 expeditis
686 2127 838 2181 cohortibus

47 2204 166 2277 ambigue
175 2204 294 2256 certarit.
333 2203 394 2257 Mox
404 2219 507 2257 cessere
518 2204 616 2267 hostes,
628 2211 654 2256 et
663 2201 838 2271 sequentibus

47 2279 134 2334 liebus
148 2278 240 2331 erebra
255 2293 302 2347 pro
316 2278 398 2348 portis
409 2277 508 2348 proelia
518 2278 654 2332 serebant:
675 2276 757 2329 donec
766 2275 839 2329 adsi-

47 2353 101 2411 luis
110 2353 218 2408 damnis
229 2353 296 2406 intra
307 2353 410 2407 moenia
420 2352 590 2423 pellerentur.
627 2350 738 2404 Romani
748 2350 782 2403 ad
790 2367 839 2420 op·

47 2428 216 2503 urguendum
236 2426 315 2481 versi.
356 2428 449 2499 Neque
467 2429 539 2481 enim
558 2427 671 2499 dignum
688 2423 836 2490 ridebatur,

47 2504 137 2559 'amem
152 2503 270 2558 bostium
284 2503 415 2574 opperiri:
437 2502 633 2573 poscebantque
646 2498 763 2570 pericula
776 2517 838 2570 pars

47 2581 147 2643 ri'rtute,
168 2577 245 2633 multi
260 2576 355 2637 lerooia
371 2584 396 2633 et
409 2576 538 2650 cupidine
555 2575 756 2651 praemiorum.
787 2574 858 2640 xqs'x

47 2655 89 2704 tto
106 2652 190 2704 Rome
210 2659 237 2705 et
255 2670 321 2724 opes
338 2654 556 2732 voluptatesque
570 2663 636 2712 aute
651 2650 768 2708 matos:
786 2642 883 2703 aba&

47 2722 106 2774 rtr'm
126 2723 320 2802 Irlierosolyma
342 2734 549 2808 conciderent,
573 2730 694 2794 morari
705 2721 906 2786 tremamu-
