1950 3016
216 169 265 215 nu
284 168 500 218 cucurum.
522 173 601 221 can.
621 172 746 223 aa-as.
831 170 881 226 26³

83 273 169 329 armis
179 270 293 342 telisque
304 271 441 336 Romanis,
455 273 512 338 sed,
526 274 599 346 quod
608 275 823 348 magnificentius
832 287 882 345 ost,

84 346 252 403 oblectationi
272 344 412 416 oculisque
433 348 592 404 ceciderunt.
632 349 751 416 Maneat,
774 367 883 424 quaeso,

84 423 217 493 duretque
231 421 366 493 gentibus,
384 422 407 475 si
423 440 476 476 uon
490 441 564 478 amor
574 426 667 490 nostri,
679 433 782 480 atcerte
792 428 884 483 odium

86 499 146 553 sui:
168 496 285 567 quando,
298 497 454 569 urgentibus
464 499 569 568 imperii
581 497 650 563 latis,
668 499 735 554 nihil
747 501 799 555 iam
810 519 886 573 prae-

86 579 156 628 stare
164 570 269 627 fortuna
280 573 367 625 maius
378 579 473 642 potest,
488 590 571 644 quarn
584 573 702 629 hostium
713 574 884 633 discordiam.

141 692 184 745 aa
205 688 377 762 Angrivarios
392 699 416 742 ot
432 688 581 745 Chamavos
595 709 609 745 a
623 699 697 764 tergo
711 691 850 766 Dnlgibini
861 703 887 749 et

88 765 218 820 Chasuari
228 763 339 818 cludunt
348 765 468 836 aliaeque
477 765 656 837 gentes,haud
667 768 777 838 perinde
785 784 887 824 memo-

86 848 165 894 ratae.
206 840 228 892 Α
244 839 327 893 fronte
341 839 419 893 Frisii
435 840 581 909 excipiunt.
620 843 767 898 Maioribus
776 849 886 898 minori-

87 918 184 984 busque
194 914 289 968 Frisiis
299 913 457 968 vocabulum
468 923 551 970 estex
561 915 639 970 modo
650 917 759 972 virium.
796 917 887 973 Utrae·

86 1007 141 1061 que
155 990 272 1044 nationes
287 1005 374 1060 usque
388 989 421 1042 ad
435 987 569 1044 Oceanum
583 990 674 1046 Rheno
684 1000 883 1061 praetexuntur,

85 1064 262 1134 ambiuntque
272 1064 408 1117 inmensos
418 1064 528 1134 insuper
538 1064 611 1119 lacus
621 1075 645 1119 et
655 1067 782 1122 llomanis
792 1067 887 1123 classi-

87 1139 139 1194 bus
151 1139 295 1211 navigatus.
329 1139 420 1213 ipsum
431 1141 496 1209 quin
508 1141 586 1193 etiam
597 1138 732 1195 Oceanum
747 1141 790 1196 illa
802 1152 886 1197 tenta-

86 1214 187 1268 vimus.
226 1212 260 1266 Et
278 1229 416 1283 superesse
430 1212 517 1267 adhuc
528 1214 648 1268 Herculis
662 1214 799 1270 columnas
813 1217 883 1272 lama
935 1258 937 1262 -

86 1288 220 1361 vulgavit:
243 1288 300 1340 sive
318 1287 383 1342 arliit
401 1286 536 1351 Hercules,
557 1305 616 1352 seu,
636 1289 769 1360 quidquid
784 1291 885 1362 ubique

85 1362 259 1436 magnificum
280 1369 327 1422 est,
348 1362 376 1415 in
396 1360 539 1415 claritatem
558 1362 617 1415 eius
637 1361 734 1416 referre
749 1366 885 1418 consensi-

85 1455 160 1492 mus.
199 1438 253 1490 Nec
266 1436 482 1490 deluitaudentia
493 1436 577 1490 Druso
587 1435 759 1490 Germanico:
781 1438 886 1492 sedob-

84 1512 153 1566 stitit
167 1510 288 1566 Oceanus
307 1511 334 1564 in
348 1527 377 1563 se
389 1509 470 1563 simul
488 1518 567 1581 atque
581 1512 609 1564 in
621 1511 760 1565 Herculem
771 1513 883 1582 inquiri.

84 1588 148 1641 Mox
157 1603 235 1640 nemo
245 1587 366 1639 tentavit:
385 1586 557 1656 sanctiusque
567 1602 598 1639 ac
607 1587 772 1641 reverentius
783 1588 883 1652 visum,

83 1661 119 1716 de
128 1663 193 1715 actis
203 1660 312 1715 deorum
323 1660 437 1724 credere,
448 1677 531 1731 quam
540 1662 618 1715 scire.

140 1771 183 1824 35.
205 1770 336 1823 Hactenus
348 1771 376 1823 in
386 1767 553 1824 Occidentem
565 1769 734 1824 Germaniam
747 1771 882 1826 novinms.

83 1843 336 1915 InSeptentrionem
346 1845 447 1917 ingenti
457 1843 527 1898 llexu
537 1845 613 1898 redit.
649 1843 687 1899 Ac
696 1847 784 1916 primo
793 1848 883 1901 statim

77 1919 254 1985 -cnaucorum
264 1935 511 1992 gens,quamquam
522 1919 655 1989 incipiata
667 1920 771 1985 Frisiis,
783 1939 814 1975 ao
822 1939 884 1993 par·

84 2001 137 2049 tem
149 1994 232 2048 litoris
242 2003 361 2064 occupet,
380 1995 513 2058 omnium,
534 2011 603 2064 quas
616 1996 738 2066 exposui,
761 1999 882 2067 gentium

84 2068 212 2123 lateribus
231 2069 391 2132 obtenditur,
412 2069 495 2123 donec
508 2068 537 2122 in
551 2067 640 2122 Cattos
652 2086 739 2140 usque
749 2074 881 2124 sinuetur.

84 2143 150 2199 Tam
165 2145 319 2198 inmensum
335 2153 463 2197 terrarum
478 2144 595 2213 spatium
610 2161 662 2196 non
678 2152 766 2196 tenent
779 2153 881 2197 tantum

83 2218 196 2282 Chauci,
212 2219 259 2274 sed
270 2228 295 2272 et
305 2219 420 2290 inplent:
442 2216 558 2288 populus
572 2215 639 2271 inter
649 2216 797 2271 Germanos
808 2217 884 2271 nobi·

83 2293 216 2358 lissimus,
236 2295 340 2364 quique
360 2292 570 2364 magnitudinem
591 2308 669 2345 suam
688 2291 763 2344 malit
783 2293 882 2345 iustitia

84 2368 161 2423 tueri.
201 2367 425 2438 Sineoupid‘tate,
442 2369 501 2421 sino
511 2367 665 2436 inpotentia,
682 2367 766 2436 quieti
777 2367 884 2419 secreti-

81 2460 147 2515 que,
161 2442 234 2497 nulla
250 2450 391 2513 provocant
405 2441 483 2504 bella,
501 2440 583 2495 nullis
593 2441 714 2510 raptibus
724 2448 770 2494 aut
781 2440 884 2494 latroci-

82 2518 136 2572 niis
148 2518 318 2589 populantur.
348 2518 432 2589 ldque
442 2517 615 2588 praecipuum
626 2515 773 2569 virtutisne
784 2514 883 2569 virium

80 2602 271 2666 argumentum
286 2602 334 2657 est,
355 2593 438 2664 quod,
460 2598 488 2645 ut
499 2590 650 2660 superiores
664 2597 752 2663 agant,
773 2607 825 2644 nou
836 2606 883 2660 per

79 2668 196 2725 inituias
206 2669 400 2741 adsequuntur.
440 2667 563 2737 Prompta
576 2665 883 2720 tamenomnibusarma
