1950 3016
55 146 183 253 sciri.)
262 184 413 236 u1n.1v.
433 157 522 237 cni».
544 190 584 238 re.
604 190 646 238 uu
809 186 860 241 atu

55 287 160 345 Vitellii
170 286 472 358 duplicaveratbellum.
500 292 569 345 Nam
579 290 861 357 Civilismmissedis-

55 363 239 429 simulatione,
248 365 277 418 in
287 366 418 436 populum
428 366 579 421 Romanum
589 383 675 422 ruere.
704 366 860 422 Vitellianae

55 440 178 512 legiones
192 437 235 494 vel
250 447 390 493 externum
405 442 556 506 servitium,
577 459 660 512 quem
673 442 859 512 imperatorem

55 515 266 586 Vespasianum,
282 514 370 569 malle.
411 514 480 570 Galli
496 516 660 570 sustulerant
673 516 785 581 animos,
797 534 861 571 ean-

56 591 120 645 dem
131 591 233 661 ubique
244 591 408 644 exercituum
420 599 570 645 nostrorum
582 590 714 645 fortunam
724 592 788 644 ruti:
800 589 862 645 vul-

56 673 119 739 gato
127 681 244 729 rumore,
256 683 269 718 a
279 664 406 720 Sarmatis
416 666 666 737 Dacisquebloesice
676 666 860 720 ucPennonica

56 741 171 795 hiberna
181 740 375 795 circumsideri.
407 741 483 794 Paria
493 741 526 794 de
535 741 670 795 Britannia
680 740 859 814 fingebantur.

57 815 111 870 Sed
126 812 195 869 nilril
210 831 304 887 aeque,
321 832 402 887 quam
418 817 571 870 incendium
588 815 720 887 Capitolii,
736 824 767 870 ut
779 815 859 870 linem

57 891 173 961 imperio
187 889 280 944 adesse
296 890 440 955 crederent,
463 889 603 961 inpuleret.
646 891 754 958 Captum
769 895 830 946 olim
843 908 861 945 a

60 966 149 1020 Gallie
161 967 263 1019 urbm:
283 969 336 1028 sed,
351 969 454 1032 integra
464 966 533 1020 Iovis
543 970 608 1029 cede,
619 970 744 1020 mansisse
753 969 861 1035 imperi-

57 1056 111 1094 um.
149 1039 240 1094 Fatale¹
254 1057 323 1092 nunc
337 1044 395 1107 ique
409 1044 511 1108 riparum
525 1044 641 1095 caelestia
656 1045 713 1096 irae
726 1045 860 1103 detumet

56 1118 242 1184 possessionem
255 1132 343 1168 rerum
356 1117 528 1169 crumenarum
544 1116 726 1183 Transalpinis
743 1120 860 1184 pentibus

57 1193 187 1257 portendi,
198 1189 387 1260 superstitione
396 1207 463 1243 vana
474 1189 589 1244 Druidae
598 1191 736 1244 canebant.
771 1191 860 1245 Inces-

58 1271 183 1335 eeratque
198 1263 277 1328 lame,
293 1266 423 1335 primores
434 1263 592 1328 Galliarum,
608 1265 642 1318 ab
655 1263 758 1318 Othone
766 1265 861 1319 adver-

57 1337 254 1394 susVitellium
271 1340 378 1403 missos,
399 1347 542 1410 antequam
554 1338 763 1411 digrederentur,
784 1339 861 1409 pepi-

57 1415 141 1487 gisse,
155 1418 310 1468 nedeerrem
325 1418 447 1476 libertati,
461 1419 486 1467 ri
494 1414 767 1481 populumliomunem
777 1418 861 1466 conti-

57 1491 248 1543 nuabellorum
258 1492 373 1543 ciuilium
381 1493 463 1543 series
472 1496 496 1541 et
505 1493 608 1541 interna
618 1490 688 1541 muln
698 1491 840 1555 [replesset.
917 1527 919 1530 .

112 1565 157 1618 bb.
177 1562 246 1618 Ante
260 1563 346 1619 Flacci
361 1562 501 1618 Hordeonii
516 1561 633 1625 caedem,
650 1560 717 1615 nihil
729 1561 859 1632 prorupit,

58 1654 113 1710 quo
136 1639 283 1693 coniuratio
305 1637 506 1710 intelligeretur.
546 1635 682 1692 Interiectu
701 1635 858 1702 Hordeonio,

59 1729 242 1768 eommeavere
251 1714 339 1767 nuntii
355 1715 422 1767 inter
435 1710 548 1769 Civilem
559 1711 772 1784 Classicumque,
784 1728 860 1782 prue-

58 1787 420 1843 lectumelaeTreverorum.
461 1786 595 1842 Classicus
605 1787 740 1842 nobilitate
748 1788 860 1858 opibus-

57 1879 113 1935 que
132 1870 193 1917 ante
212 1860 288 1917 alios.
326 1863 440 1936 Regium
460 1861 500 1915 illi
519 1879 605 1935 genus
619 1870 645 1917 et
659 1880 723 1934 pace
735 1863 859 1934 belloque

58 1937 131 1991 clare
143 1938 227 2010 origo.
267 1938 327 2008 Ipse
342 1954 358 1991 e
372 1938 518 1991 maioribus
532 1939 591 1992 suis
605 1939 688 1993 bostis
701 1938 793 2008 populi
807 1939 859 1991 Ro-

59 2011 146 2077 mani,
165 2028 248 2083 quum
266 2012 364 2078 socius,
384 2011 505 2066 iactabat.
542 2013 674 2069 Miscuere
695 2029 754 2065 sese
774 2011 858 2064 lulius

44 2086 273 2142 'Tutoretlulius
282 2086 412 2141 Sabinus:
434 2086 590 2152 bicTrevir,
603 2087 771 2157 hicLingon.
804 2085 859 2138 Tu-

58 2169 98 2218 tor
112 2162 187 2232 ripae
199 2162 286 2215 libeni
300 2179 315 2215 a
330 2160 436 2218 Vitellio
448 2161 609 2233 praelectus:
630 2160 755 2221 Sabinus,
777 2175 859 2228 snper

57 2237 168 2291 insitum
182 2237 336 2301 vanitatem,
356 2234 436 2290 salsae
450 2238 542 2310 stirpis
556 2236 639 2309 gloria
653 2232 856 2287 incendebatur:

55 2317 196 2382 proaviam
209 2329 285 2365 suum
298 2316 323 2365 d.
339 2312 419 2374 Iulio,
432 2329 482 2379 per
500 2313 603 2366 Gallica
619 2311 737 2370 bellanti,
753 2324 860 2374 corpore

57 2390 276 2455 atqueadulteric
283 2389 422 2454 placuisse.
460 2386 494 2439 Hi
504 2385 611 2440 secretis
621 2381 791 2436 sermonibus
801 2381 860 2435 ani-

57 2479 118 2517 moe
128 2470 276 2517 ceterorum
287 2461 409 2515 scrutari.
448 2461 509 2525 Ubi,
525 2477 594 2532 quos
604 2458 713 2512 idoneos
722 2455 857 2520 rebantur,

56 2537 219 2592 conscientia
228 2536 402 2600 obstrinxere,
418 2536 446 2589 in
461 2534 564 2591 colonia
575 2530 867 2607 Agrippinensiinbo-

51 2613 270 2679 mumpriratom
281 2613 459 2669 conveniunt.
499 2612 576 2669 Nam
588 2607 706 2685 publice
713 2600 892 2664 extrusimu-

35 2680 95 2733 [ιω
110 2683 230 2752 rumpas
247 2684 431 2749 abhorrebat:
457 2698 587 2750 attamen
607 2683 776 2748 interiuere
788 2671 916 2752 mim*
