1950 3016
114 179 161 233 108
346 178 672 230 necromantii

293 435 442 489 LIBER
480 426 739 498 QUARTUS.-

438 567 582 575 —-—

161 661 336 700 Breviarium.
365 658 417 707 Cep.
426 659 445 697 1.
458 657 573 697 Interfecto
582 655 676 702 Vitellio,
690 656 770 695 milites
779 654 878 695 maviani
890 655 915 699 in

110 728 164 768 urbe
177 730 282 769 saeviunt.
309 729 328 766 i.
342 726 488 769 Domitianus,
503 733 581 762 nomeu
592 724 706 773 aedemque
716 722 815 763 Caesaris
828 724 913 769 metue.

111 796 220 835 adulteriis
230 796 296 835 tilium
308 794 410 842 principis
419 793 471 839 agit.
488 792 514 831 Ι..
524 791 624 831 Vitellius
634 791 766 831 interficitur.
790 792 810 830 3.
820 789 913 839 Campa-

111 864 146 901 nia
156 863 281 910 composita,
291 860 424 911 Vespasiano
434 862 521 899 senatus
531 859 664 901 consulatum
673 868 723 897 cum
731 858 781 897 'rito
790 858 842 903 iilic,
852 867 914 906 pras-

110 933 181 968 turam
191 929 313 967 Domitiano
323 931 345 966 et
354 927 467 966 conuolare
475 927 594 974 imperium,
605 925 708 963 decernit.
729 925 749 964 1.
758 924 860 973 Muciani.
869 922 915 963 Aa·

109 998 170 1041 tonii,
181 1002 299 1034 ceterorum
308 995 407 1033 honores.
424 993 556 1032 Restitucndi
564 990 663 1041 Capitolii
673 992 792 1031 consilium.
808 986 915 1031 Liuermti

111 1062 204 1102 consulit
217 1060 328 1099 Helvidius
337 1061 433 1104 Priscus,
448 1061 509 1098 cuius
527 1061 546 1098 3.
557 1060 602 1098 vite
615 1062 637 1098 et
649 1066 730 1106 mores,
750 1060 820 1097 3-8.
834 1062 856 1098 et
865 1068 915 1097 cam

109 1130 175 1176 Eprio
192 1128 291 1166 Marcello
307 1136 355 1166 acre
371 1128 463 1174 iurgium
480 1126 505 1166 de
521 1127 598 1174 legatis
614 1126 642 1164 ad
659 1126 776 1175 principem
794 1126 914 1166 mittendis:

38 1200 40 1205 '
110 1197 130 1235 3.
138 1195 170 1234 lie
180 1194 282 1243 impensis
290 1195 381 1242 publicis
389 1194 499 1232 dissensio.
519 1194 551 1234 10.
556 1193 667 1232 Musonius
674 1193 742 1233 nurus
751 1195 773 1232 in
781 1195 805 1233 P.
815 1193 914 1234 Oeierenr

110 1264 224 1303 invehitur.
243 1260 275 1301 11.
282 1262 399 1307 liuciaaua
411 1262 485 1300 orbem
494 1262 612 1308 ingressus,
621 1264 698 1301 cuncta
706 1264 729 1300 in
737 1270 760 1300 se
769 1263 842 1307 trahit,
852 1261 914 1311 Orio.

111 1329 245 1370 Galerianum
256 1331 315 1369 caedi
325 1333 395 1376 corat,
409 1327 527 1369 Asiaticum
536 1328 636 1369 libertum
646 1331 720 1369 servili
733 1330 839 1378 supplicio
849 1328 913 1369 tollit.

161 1400 192 1438 12.
212 1397 350 1437 Germanicae
364 1397 434 1437 ‚cladie
453 1397 517 1435 fame.
543 1395 596 1435 Eine
614 1397 664 1435 beili
683 1407 760 1436 musae
776 1398 799 1435 in
816 1397 914 1445 Batava.

111 1466 142 1505 13.
153 1466 206 1504 duce
217 1464 307 1504 Claudio
317 1464 392 1504 Civile.
415 1464 504 1503 14-16.
515 1462 536 1501 la
545 1463 646 1509 Batavos,
657 1462 813 1508 Canninefates.
824 1463 914 1521 Frisios,

111 1533 197 1577 excitat,
208 1532 280 1570 statim
290 1532 345 1578 delo,
357 1543 407 1570 mox
416 1535 490 1579 aperta
498 1531 526 1576 vi,
536 1529 643 1568 Romanos
653 1535 747 1578 superat.
765 1532 797 1569 li.
805 1529 915 1571 Victoriae

110 1599 174 1637 huius
187 1595 244 1636 tama
256 1586 326 1636 mota'e
336 1597 462 1636 Germaniae
476 1597 555 1635 auxilia
564 1596 657 1634 oderunt
667 1596 742 1643 Civili,
756 1599 792 1646 qui
802 1602 824 1636 et
834 1598 915 1637 Galliu-

110 1675 157 1703 rum
170 1665 294 1702 societatem
307 1664 408 1701 adfectat.
431 1662 462 1701 13.
476 1656 593 1702 Hordeonii
606 1662 676 1707 Flacci
688 1665 787 1711 segnitia.
805 1664 864 1704 Victi
873 1664 914 1709 llo·

110 1731 168 1768 mani
177 1731 199 1767 in
208 1728 286 1767 Vetera
295 1732 364 1766 castra
374 1729 464 1776 ragiunt.
485 1726 516 1769 19.
526 1730 656 1770 Batavorum
666 1733 687 1770 ei
697 1731 869 1771 Canninefatium
879 1734 916 1772 edi

110 1798 190 1841 hortas.
201 1797 262 1834 iussu
271 1794 351 1834 Vitellii
362 1797 383 1834 in
394 1797 467 1835 orbern
480 1794 604 1846 pergentes,
619 1804 737 1847 corruptae,
748 1799 812 1838 clviii
821 1801 915 1848 iungan-

110 1866 152 1908 tur,
163 1866 185 1900 et
199 1863 231 1900 tt.
242 1862 350 1901 Bonnenei
360 1863 440 1910 proelio
449 1864 592 1904 Romanorum
601 1867 669 1904 aciem
678 1866 819 1914 perfringunt.
836 1866 870 1904 11.
879 1864 916 1905 oie

111 1930 170 1974 vilis.
185 1930 268 1969 consilii
281 1930 404 1977 ambiguus,
417 1941 467 1970 euos
481 1934 503 1970 in
515 1934 582 1972 verba
594 1933 720 1981 Vespasiedi
733 1933 811 1980 adigit.
825 1934 916 1975 annuite

110 1997 194 2042 veianm
220 1997 252 2036 tt.
263 1998 294 2037 lii.
308 2008 358 2037 nrox
370 1998 448 2038 Vetera
461 1999 556 2046 obsidet,
574 2000 659 2039 trustra.
686 2001 717 2039 14.
730 2001 762 2038 ii.
776 2000 915 2041 Hordeonius

110 2063 209 2111 Flaccus,
224 2065 329 2103 seditione
339 2066 484 2113 condictatus,
497 2078 602 2106 nummum
616 2078 687 2107 rerum
696 2067 791 2106 Voculae
800 2069 914 2115 permittit.

111 2133 184 2170 1317.
199 2132 253 2169 Huic
267 2132 351 2171 additus
361 2133 480 2171 Herennius
491 2133 575 2179 Gallus,
590 2143 612 2173 re
625 2134 680 2172 maie
694 2139 765 2182 gesta,
778 2135 913 2175 verberetur.

110 2199 170 2237 Nova
180 2199 262 2237 seditio.
277 2200 366 2238 tie-³0.
376 2199 456 2245 civilia,
465 2202 567 2238 inmensis
574 2201 673 2239 auctibus
683 2202 709 2239 ab
718 2202 819 2240 universa
826 2201 914 2241 Germa-

110 2267 146 2304 niu
156 2267 230 2311 elatus,
242 2267 348 2305 obsidium
358 2267 459 2305 Veterum
468 2271 536 2314 urget,
549 2267 616 2305 Ubios
625 2272 697 2307 vexat.
716 2268 780 2306 Varia
789 2271 914 2309 certamina.

162 2335 193 2371 31.
208 2334 312 2372 Nuucieto
327 2333 464 2373 cremonensi
478 2335 567 2382 proelio,
584 2336 664 2373 auxilia
678 2335 786 2374 Gallorum
800 2347 813 2373 a
826 2337 914 2375 Vitellio

111 2402 239 2439 desciscunt.
268 2402 322 2439 Suos
335 2412 418 2449 quoque
434 2401 569 2441 Hordeonius
589 2404 610 2441 in
623 2403 748 2451 Vespasiani
764 2403 831 2441 verba
847 2404 915 2451 adigit

110 2469 249 2506 haesitantes.
272 2469 304 2507 ³2.
313 2467 347 2506 Ad
361 2467 450 2507 civilem
461 2470 538 2508 missus
547 2470 672 2514 Montanus,
689 2474 712 2508 ut
721 2481 733 2508 a
743 2470 799 2508 balio
809 2470 914 2509 absistere

111 2536 190 2579 iubeat,
206 2535 232 2572 ab
242 2536 288 2582 ipso
298 2539 400 2574 tentatur.
422 2537 454 2574 33.
464 2538 496 2575 34,
511 2536 564 2575 Cum
573 2537 655 2576 Vocula
665 2537 759 2584 confligit
769 2535 845 2574 Civilis
854 2536 913 2575 vario

100 2608 185 2648 eventu,
195 2613 239 2641 non
248 2604 297 2645 sine
308 2607 420 2658 utriusque
428 2607 490 2648 ducis
500 2607 573 2656 caina.
587 2603 915 2645 tiulioeulamaieuumrxueea·

83 2667 126 2706 Aa,
146 2668 225 2711 Vetera
239 2675 359 2718 obsidione
374 2680 464 2721 liberat.
487 2679 522 2720 33.
537 2675 619 2717 Ciuilis
628 2667 829 2712 eeiaouancaue.
840 2665 921 2699 aomar

70 2734 161 2776 milites
169 2739 336 2790 Hordeonium
348 2748 444 2794 necant.
467 2749 561 2792 Vocula
569 2757 608 2799 uer
618 2741 729 2784 teneoras
738 2732 822 2772 euadit.
834 2727 860 2763 31
865 2725 921 2762 -lw
