1950 3016
92 208 152 246 m.
165 200 216 263 Ν.)
293 199 374 244 LIB.
392 200 446 246 lII.
465 200 556 247 cAP.
576 202 696 250 ott-os.
843 201 892 255 lld

91 300 144 353 Nec
153 298 300 370 pecuniam
314 307 361 355 ant
370 298 533 355 frumentum
544 302 727 372 providerant:
748 311 774 361 et
783 303 892 361 festina-

92 375 126 429 tio
139 383 224 445 atqua
233 373 348 429 aviditas
357 376 572 446 praepediebant,
584 376 661 443 dum,
673 394 742 450 quaa
750 382 834 452 accipi
842 398 891 453 po-

92 458 186 513 terant,
196 449 349 519 rapiuntur.

142 526 174 579 ol
182 564 190 577 .
199 522 393 579 Celeberrimos
403 530 523 579 auctores
533 524 627 589 habeo,
638 532 736 581 tantam
745 527 891 583 victoribus

90 597 222 653 adversus
232 597 271 652 ias
281 596 410 669 nefasque
418 599 621 652 inreverentiam
633 598 726 664 luisse,
736 609 766 656 ut
773 604 892 673 gregari-

90 690 123 727 us
131 689 229 745 equas,
237 673 358 727 occisum
367 689 383 727 a
392 690 422 727 se
430 674 552 744 pmxima
561 677 618 729 acie
627 671 734 729 fratrem
744 674 890 746 pmieasus,

89 748 244 819 praenrium
256 764 272 801 a
285 746 402 802 ducibus
415 748 528 819 petierit.
566 749 622 803 Nec
635 748 691 803 illis
705 757 751 803 aut
764 750 892 806 bonorare

90 840 149 877 eam
163 822 272 877 caedem
287 823 332 877 ius
345 823 496 886 bominum,
511 830 558 876 aut
566 822 661 877 ulcisci
671 825 737 879 ratio
746 824 820 889 belli,
832 842 892 896 per-

89 897 221 953 mittebat.
261 896 436 961 Distulerant,
465 904 603 968 tamquam
625 900 725 954 maiora
754 901 889 967 meritum,

90 988 172 1043 quam
186 987 258 1042 quae
272 973 361 1025 statim
371 969 583 1028 exsolverentur:
604 974 811 1046 necquidquam
822 975 890 1031 ultra

90 1046 213 1101 traditur.
252 1044 376 1101 Ceterum
390 1053 416 1100 et
430 1046 564 1116 prioribus
577 1048 679 1103 ciuium
687 1048 766 1103 bellis
774 1066 823 1120 par
832 1066 891 1107 sce-

90 1120 133 1175 lus
152 1119 296 1175 inciderat:
318 1136 380 1174 nam
395 1119 503 1191 proelio,
524 1138 579 1193 quo
593 1123 664 1193 apud
679 1123 827 1179 ianiculum
842 1125 890 1181 ad-

89 1212 186 1251 versus
200 1193 315 1249 Cinnam
329 1202 477 1267 pugnatum
491 1203 541 1260 est,
558 1197 736 1268 Pompeianus
748 1199 826 1253 miles
836 1199 890 1254 lra-

89 1278 156 1325 trem
166 1286 261 1333 suum,
272 1269 345 1333 dein,
356 1270 460 1342 cognito
469 1270 593 1336 facinore,
609 1289 639 1326 se
648 1273 739 1342 ipsum
748 1272 887 1338 interiecit,

89 1354 119 1399 ut
127 1344 243 1399 Sisenna
252 1351 389 1399 memorat.
421 1345 503 1399 Tanto
512 1347 596 1400 aerim
606 1347 677 1416 apud
687 1347 810 1408 maiores,
821 1347 891 1401 sicut

90 1419 237 1475 uirtutibus
246 1418 341 1491 gloria,
352 1419 388 1472 ita
397 1416 504 1492 flagitiis
513 1421 672 1489 poenitentia
683 1418 743 1473 fuit.
764 1418 815 1473 Sed
826 1419 890 1475 haec

89 1494 333 1567 aliaque,exveteri
344 1496 470 1549 memoria
480 1494 699 1565 petita,quotiens
709 1508 752 1546 res
762 1492 891 1564 locusque

88 1567 214 1641 exempla
232 1569 296 1622 recti
314 1576 361 1623 aut
379 1569 470 1623 solede
490 1568 554 1623 maii
574 1575 673 1639 poscet,
689 1566 762 1623 baud
774 1567 890 1624 absurda

89 1644 311 1700 memorabimua.

140 1722 187 1775 52.
200 1718 315 1774 Antonio
325 1716 495 1788 ducibusque
504 1717 619 1788 partium
630 1716 764 1787 praemitti
774 1719 886 1789 equites,

88 1810 253 1865 omnemque
263 1792 400 1847 Umbriam
410 1791 542 1862 explorari
551 1790 660 1861 placuit,
672 1794 696 1847 ai
706 1809 761 1864 qua
770 1794 889 1865 Apenni-

88 1871 116 1924 ni
128 1871 196 1941 iuga
209 1868 368 1923 clementius
381 1866 530 1921 adirentur:
551 1867 630 1921 acciri
643 1867 748 1939 aquiiae
757 1870 888 1942 signaque

87 1952 114 1999 et
121 1942 260 2015 quidquid
270 1943 387 1997 Veronae
398 1941 514 1997 militum
524 1940 602 1997 iuret:
614 1942 771 2015 Padumque
780 1952 806 1999 et
815 1962 888 2000 mare

87 2018 283 2073 commeatibus
293 2015 430 2086 compleri.
468 2016 552 2071 Erant
561 2017 628 2071 inter
639 2017 731 2085 duces,
742 2020 790 2090 qui
801 2028 888 2073 necte·

87 2102 146 2147 rant
160 2110 265 2147 moras:
295 2093 398 2163 quippe
411 2091 512 2145 nimius
526 2093 580 2147 iam
591 2091 732 2156 Antonius,
744 2102 769 2147 et
778 2092 888 2146 certiora

88 2184 121 2223 ex
130 2168 256 2223 blucieno
264 2166 448 2236 sperabantur.
486 2168 608 2238 Namque
617 2168 768 2231 Mucianus,
781 2173 834 2219 tam
845 2182 889 2219 ce-

89 2240 135 2297 leri
145 2242 257 2297 victoria
271 2241 379 2303 anxius,
396 2247 430 2304 et,
444 2240 472 2295 ui
482 2258 606 2312 praesens
617 2242 684 2295 urbe
691 2242 829 2311 potiretur,
841 2257 888 2295 ex-

87 2324 189 2387 pertem
199 2332 230 2369 se
243 2314 307 2369 belli
316 2314 470 2387 gloriaeque
481 2322 563 2380 ratus,
577 2315 612 2371 ad
621 2316 741 2369 Primum
752 2322 777 2367 et
787 2314 887 2368 Varum

87 2390 176 2445 media
189 2389 363 2460 scriptitabat,
379 2394 529 2445 instandum
542 2394 645 2457 coeptis,
662 2396 708 2442 aut
716 2405 811 2443 rursus
822 2405 887 2443 cun-

88 2469 178 2521 emani
187 2468 315 2519 utilitates
323 2464 482 2528 edisserens,
496 2473 575 2535 atque
585 2465 620 2518 ita
630 2462 802 2530 compositus,
814 2472 844 2516 ut
854 2479 888 2517 ax

87 2548 186 2594 aventu
201 2555 292 2593 rerum
305 2539 415 2593 adversa
425 2539 560 2603 abnuerat,
575 2537 617 2591 vel
627 2552 752 2606 prospera
761 2554 888 2610 agnosce·

86 2622 134 2669 ret
173 2612 289 2667 Plenum
300 2614 448 2685 Gripbum,
462 2632 552 2689 nuper
568 2611 764 2687 aVespas'rauo
773 2613 811 2669 'un
822 2630 906 2669 sena-

75 2685 303 2810 mrlllllrlldlllm
313 2689 449 2760 additum,
465 2710 502 2752 nc
510 2693 618 2772 legioni
628 2694 844 2770 praeposterae,
849 2696 927 2747 eebo-
