1950 3016
126 192 177 250 m
359 192 686 243 nraeonraann
784 182 920 260 (unm

124 302 161 355 tio
180 298 231 353 luit
249 314 345 352 servus
362 297 484 371 Verginii
495 296 642 368 Capitonis,
661 312 746 369 qnam
763 295 923 367 proditorem

123 373 356 428 Tarracinensium
369 372 499 438 diximus,
515 371 635 443 patibulo
648 371 765 436 adlisus,
783 371 813 425 in
825 370 924 426 iisdem

123 448 241 513 annulis,
256 466 326 520 quoa
338 458 457 519 acceptos
471 447 602 504 aVitcllio
614 446 743 520 gestabat.
782 446 924 501 rltllomae

123 533 232 579 senatus
245 532 339 579 cuncta
351 522 519 595 principibus
531 522 608 577 solita
621 522 785 592 Vespasiano
795 521 922 587 decernit,

122 598 208 654 laetus
218 600 309 669 etepei
320 608 422 652 certus:
443 599 545 668 quippe
552 606 660 668 sumpta
668 595 925 667 perGalliosllispa-

123 677 238 746 uiaeque
251 673 341 728 civilia
355 690 438 737 arma,
452 673 531 726 motis
540 673 574 726 ad
584 671 686 726 bellum
697 671 850 736 Germania,
860 688 924 729 mox

123 750 239 822 Illyrico,
253 757 396 819 postquam
409 747 571 819 Aegyptum,
587 747 711 801 Iudaeam
722 744 886 818 Syriamque
897 753 924 802 at

123 827 212 879 omnis
226 825 377 893 provincias
392 823 578 892 exercitusque
591 820 777 885 lustraverant,
795 820 869 876 velut
876 838 923 877 ex-

122 902 194 970 piato
203 908 333 952 terrarum
343 897 415 960 orbe,
427 898 530 966 cepisse
540 896 622 949 linem
632 895 800 949 videbantur.
839 895 923 950 Addi-

123 974 185 1028 dere
195 971 356 1025 alacritatem
366 971 523 1040 Vespasiani
533 970 643 1035 litterae,
653 980 790 1042 umquam
800 978 923 1027 manente

122 1046 193 1102 bello
211 1047 333 1114 scriptae.
372 1044 410 1097 Ee
431 1047 518 1114 prima
537 1048 626 1116 specio
644 1045 742 1100 forma:
761 1054 881 1100 cetarum
893 1054 923 1101 ut

121 1122 247 1192 princeps
259 1118 519 1189 loquebatur‚cirilin
526 1120 559 1174 de
567 1138 596 1175 se
603 1130 629 1175 et
635 1119 797 1191 reipublicae
803 1122 921 1194 egregia.

122 1196 177 1249 Nec
191 1203 299 1248 senatus
311 1193 472 1264 obsequium
486 1194 582 1248 deerat.
623 1197 677 1266 lpsi
691 1195 921 1251 consulatuacum
950 1246 953 1251 .

122 1271 182 1325 Tito
200 1269 264 1332 lilio,
285 1277 407 1339 praetura
426 1269 574 1324 Domitiano
588 1279 614 1324 et
627 1270 765 1325 consulare
775 1272 921 1342 imperium

121 1346 309 1400 decernuntur.

178 1424 202 1475 l.
224 1421 331 1473 illiserat
340 1425 365 1472 et
375 1417 516 1472 Mucianus
525 1418 649 1487 epistolae
661 1418 695 1472 ad
704 1426 838 1482 senatum,
853 1437 921 1492 quaa

121 1496 259 1550 materiam
270 1494 439 1547 sermonibus
450 1492 607 1563 praebuere:
627 1498 651 1546 ei
659 1498 780 1560 prioutua
789 1504 864 1556 eaoet,
875 1512 921 1551 cuc

118 1574 222 1639 publice
232 1567 399 1636 loqueretur?
410 1573 523 1633 potuisse
532 1573 628 1627 endem,
637 1585 736 1634 puucoa
744 1578 801 1635 post
811 1574 921 1631 diea,lo-

122 1660 151 1698 oo
160 1649 300 1696 aeriterrtr'oe
309 1647 370 1694 dici.
407 1642 466 1711 lpse
476 1659 584 1712 quoque
594 1643 730 1696 insectatio
742 1643 769 1697 in
782 1643 920 1699 Vitellium

120 1734 178 1771 sera
194 1726 220 1769 et
232 1718 291 1769 sina
305 1715 431 1769 libertate.
473 1717 502 1769 ld
518 1734 579 1771 vero
593 1734 655 1788 erga
670 1717 864 1787 rempublicam
875 1738 921 1774 su-

120 1789 244 1862 perbum,
253 1806 313 1861 erga
324 1790 471 1860 principem
482 1791 793 1863 contumeliosamque
803 1798 832 1847 iu
843 1810 920 1849 tanna

119 1881 169 1918 auu
183 1869 263 1930 [triete
278 1869 423 1930 imperium,
439 1870 610 1935 donatumque
629 1867 784 1934 Vespasiano
798 1869 918 1924 iactabat.

121 1937 244 1993 Ceterum
259 1938 360 1992 invidia
376 1938 403 1992 in
418 1940 533 2003 occulto3
558 1940 673 1995 adulatio
688 1943 716 1994 in
731 1952 821 2012 aperto
836 1952 919 1999 eraut.

119 2013 203 2067 Multo
222 2030 283 2066 cum
300 2014 397 2067 honore
413 2015 553 2069 verborum
568 2017 690 2070 Muciano
706 2017 879 2087 triumphalia
889 2019 921 2075 do

119 2088 190 2143 bello
199 2088 272 2142 civili
283 2089 356 2142 tiata:
378 2089 424 2142 aed
439 2091 465 2144 in
476 2091 608 2145 Sarmatas
617 2091 750 2161 expeditio
759 2093 917 2164 fingebatur.

119 2164 261 2217 Adduntur
273 2164 361 2218 Primo
372 2165 484 2219 Antonio
494 2167 652 2226 consularia,
668 2166 788 2221 Cornelio
799 2169 887 2224 Fusco
895 2176 920 2225 et

120 2237 197 2293 Arrio
213 2239 280 2292 Varo
295 2242 421 2308 praetoria
439 2241 564 2312 insignia.
604 2242 665 2295 lllox
679 2241 743 2295 deos
762 2260 917 2313 respexere:

119 2314 222 2367 restitui
243 2312 342 2383 placuit
361 2313 531 2384 Capitolium.
571 2316 662 2386 anue
685 2318 774 2371 omnia
796 2318 919 2373 Valerius

119 2388 361 2450 Asiaticus‚consul
372 2390 536 2462 designatus,
549 2392 666 2445 censuit:
688 2393 766 2445 ceteri
777 2393 853 2449 vultu
863 2411 920 2448 ma-

120 2480 225 2534 nuque:
248 2466 335 2533 pauci,
351 2465 452 2534 quibus
466 2466 608 2534 conspicua
623 2465 739 2538 dignitas
754 2475 800 2521 aut
814 2469 919 2541 ingeni·

118 2550 165 2591 vm
180 2537 332 2594 adulatione
350 2541 506 2604 exercitum,
526 2542 679 2611 compositio
691 2543 857 2598 orationibus
872 2543 918 2598 ad⁴

96 2613 302 2674 sentiebantur.
346 2616 399 2674 Ubi
413 2617 451 2675 ad
465 2615 625 2674 lletrtdtam
631 2617 772 2677 Priscum,
781 2626 931 2682 praetorem

54 2650 284 2816 'bigartium
303 2707 435 2769 ventum,
453 2689 597 2775 prompeit
610 2684 948 2750 concorporatione*
