1950 3016
63 198 187 273 acm.)
280 209 642 257 ara.rv.cn1³.r-t.
814 205 858 260 tit

63 328 156 383 pares:
177 311 280 381 quippe
295 311 324 365 in
339 309 431 364 turbas
445 317 472 365 et
484 309 628 365 discordias
638 313 754 383 pessimo
764 314 863 385 cuique

64 386 181 457 plurima
191 385 248 439 vis:
269 402 323 456 pax
336 393 361 439 et
371 386 449 458 quies
459 385 536 439 bonis
546 385 649 439 artibus
657 387 785 461 indigent.

118 464 145 517 2.
166 460 270 514 Nomen
285 459 430 532 sedemque
445 458 566 514 Caesaris
580 460 744 515 Domitianus
756 480 863 533 accepe-

64 543 116 590 rat:
138 535 258 589 nondum
275 534 308 588 ad
321 552 398 588 curas
413 536 540 599 intentus,
556 534 604 589 sed
617 535 719 605 stupris
729 536 864 591 etadulte·

64 611 110 663 riis
121 609 209 663 filium
220 610 350 680 principis
359 610 461 681 agebat.
474 607 638 663 Praefectura
648 626 675 679 pr
680 610 771 664 aetorii
781 628 863 681 penes

63 684 174 738 Arrium
191 684 305 738 Varum:
326 701 434 737 summa
448 685 578 755 potentiae
592 684 621 738 in
635 684 726 738 Primo
739 684 861 739 Antonio.

64 760 88 813 ls
96 759 242 830 pecuniam
253 757 435 830 familiamque
445 775 460 812 e
471 759 601 829 principis
611 758 699 822 domo,
710 760 789 830 quasi
799 759 863 815 Cra-

64 851 220 889 monensem
231 833 366 904 praedam,
377 850 482 903 rapere:
503 834 581 887 ceteri
597 833 724 888 modestia
735 833 775 889 vel
787 836 864 907 igno-

63 908 174 972 bilitate,
190 918 221 962 ut
234 909 262 961 in
277 908 346 961 bello
359 908 476 970 obscuri,
491 908 527 961 ita
537 909 716 978 praemiorum
729 918 860 979 expertes.

64 982 164 1039 Civitas
179 983 276 1053 pavida
291 990 317 1036 et
330 983 438 1037 servitio
451 990 550 1052 parata,
571 989 696 1051 occupari
714 988 861 1038 redeuntem

65 1060 215 1113 Tarracina
234 1059 263 1110 L.
283 1058 411 1110 Vtutttum
431 1075 488 1111 cum
507 1060 659 1120 cohortibus,
680 1064 862 1128 cortinamque

64 1137 166 1202 reliqua
182 1135 243 1185 lraltr'
256 1130 413 1202 postulabat.
453 1132 594 1185 Praemissi
607 1132 722 1186 Ariciam
739 1135 859 1205 equites:

62 1226 159 1281 agmen
174 1207 310 1279 legionum
324 1207 391 1260 intra
407 1205 521 1261 Bovillas
535 1208 616 1261 stetit.
655 1207 710 1260 Nec
721 1216 861 1261 cunctatus

62 1291 99 1338 est
110 1282 246 1346 Vitellius,
259 1298 341 1353 seque
351 1289 376 1335 ct
384 1281 503 1335 cohortes
516 1281 624 1335 arbitrio
635 1280 741 1335 victoris
752 1282 862 1351 permit-

62 1366 124 1413 tere.
165 1358 200 1410 Et
215 1356 293 1410 miles
307 1354 422 1410 infelicia
435 1373 519 1420 arma,
534 1354 607 1409 haud
617 1354 708 1407 minus
718 1355 767 1418 ira,
779 1372 862 1424 quam

61 1440 133 1488 metu
144 1431 251 1487 abiecit.
281 1431 388 1504 Longus
397 1431 547 1484 deditorum
556 1427 629 1492 ordo,
640 1435 732 1498 septus
742 1430 860 1492 armatis,

61 1526 107 1580 per
119 1507 215 1563 urbem
227 1506 348 1560 incessit:
370 1523 448 1559 nemo
458 1503 575 1576 supplici
584 1502 671 1567 vultu,
683 1502 730 1556 sed
740 1503 828 1556 tristes
837 1510 863 1556 et

62 1593 150 1639 truces
169 1589 196 1636 at
215 1581 357 1636 adversum
377 1580 488 1650 plausus
508 1596 538 1632 ac
555 1578 693 1632 lasciviam
708 1576 862 1632 insultantis

61 1659 136 1732 vulgi
146 1654 301 1712 inmobiles.
340 1656 440 1709 Paucos
449 1670 588 1724 erumpere
598 1670 687 1717 ausos,
699 1653 861 1707 circumiecti

62 1749 198 1805 pressere:
220 1730 298 1785 ceteri
308 1730 337 1784 in
346 1729 494 1784 custodiam
503 1728 614 1795 conditi;
636 1727 704 1783 nihil
714 1728 859 1800 quisquam

62 1809 168 1865 locutus
183 1805 335 1878 iudignum,
352 1811 387 1868 et,
401 1820 567 1875 quamquam
577 1803 645 1857 inter
655 1802 775 1870 adversa,
786 1803 860 1859 salva

61 1884 169 1940 virtutis
181 1880 260 1937 fama.
299 1880 364 1933 Dein
376 1880 406 1933 L.
418 1877 540 1934 Vitellius
550 1877 714 1944 interficitur,
729 1897 777 1950 par
788 1880 861 1934 vitiis

62 1958 161 2022 fratris,
172 1957 201 2011 in
211 1954 362 2027 principatu
371 1955 430 2008 eius
441 1952 605 2026 vigilantiam
623 1970 672 2008 nec
679 1954 790 2025 perinde
800 1971 862 2023 pro-

62 2033 149 2104 speris
158 2031 258 2094 socius,
270 2046 352 2101 quam
363 2029 481 2083 adversis
491 2028 647 2083 abstractus.

116 2112 142 2163 3.
163 2105 263 2161 lisdem
281 2103 376 2158 diebus
396 2102 515 2157 Lucilius
537 2103 636 2157 Bassus
656 2119 718 2156 cum
741 2099 862 2168 expedito

61 2184 151 2256 equita
166 2181 200 2236 ad
214 2179 422 2249 componendam
436 2176 608 2249 Campaniam
624 2177 747 2239 mittitur,
760 2173 862 2227 discor-

61 2258 142 2313 dibus
157 2254 368 2325 municipiorum
383 2253 481 2307 animis
495 2255 581 2326 magis
596 2252 664 2304 inter
673 2255 766 2311 semet,
778 2263 861 2317 quam

61 2331 227 2389 coutumacia
248 2329 376 2384 adversus
395 2329 552 2398 principem.
592 2326 657 2381 Viso
672 2323 755 2376 milite
766 2321 859 2393 quies:

61 2416 86 2463 ot
104 2405 259 2463 minoribus
277 2402 387 2458 coloniis
406 2403 552 2474 inpunitas.
593 2398 698 2468 Capuae
709 2395 777 2468 legio
787 2397 861 2449 tertia

61 2481 200 2539 hiemandi
213 2496 308 2535 caussa
323 2477 431 2543 locatur,
447 2484 472 2531 et
486 2476 582 2531 domus
592 2472 719 2528 inlustres
728 2469 860 2539 adflictae;

62 2576 125 2615 cum
135 2565 224 2614 contra
236 2554 439 2610 Tarracinenses
449 2550 526 2609 nulla
534 2549 769 2625 opeiumrentur.
782 2546 880 2598 tunm

45 2632 201 2698 proclivius
209 2629 389 2701 estiniuriaa,
402 2650 494 2709 quam
502 2619 904 2696 banetrdomcernexsuss-

34 2716 82 2753 '⁶³
103 2703 369 2781 quitantiarum-i,
386 2713 511 2773 ultioin
520 2706 804 2791 quaestuuabotur.
837 2688 929 2749 Sti*
