1950 3016
33 203 38 211 -
127 169 143 220 8
367 169 688 219 nts'routnuuu
788 159 919 236 (unum

128 272 204 338 dum,
220 273 280 326 sine
292 273 447 338 constantia,
462 273 522 326 sine
535 270 696 335 auctoritate,
711 289 744 326 ns
758 272 847 343 quieto
860 272 923 343 qui·

128 347 188 402 dem
199 346 293 410 milite,
302 347 435 419 regimem
447 346 511 402 adeo
521 345 637 402 furentes
648 346 799 401 infirmitate
808 348 922 401 retinen-

129 424 161 477 tis
180 421 249 476 nitro
268 420 486 481 accendebantur.
526 421 659 477 Inferioris
670 421 827 476 Germaniae
841 423 922 495 legio-

129 515 175 551 nes
186 497 287 551 diutius
297 497 356 555 sine
365 495 497 552 consulari
508 496 593 563 inere;
615 497 706 562 donec,
717 499 803 552 missu
812 497 919 561 Galbae,

127 575 160 627 Α.
181 571 304 627 Vitellius
323 571 424 636 aderat,
445 575 561 627 censoris
580 571 679 626 Vitellii
698 589 729 626 ac
748 580 785 626 ter
805 572 922 627 consulis

128 648 214 702 itlius:
235 646 495 701 idsatisvidebatnr.
530 647 559 700 ln
569 647 719 702 Britannico
727 649 844 703 exercitu
854 647 920 700 nihil

127 725 238 779 irarum.
278 723 336 777 Non
350 739 414 776 sane
427 721 494 776 aliae
505 721 629 795 legiones,
642 739 790 793 peromnes
800 722 920 776 civilium

127 797 258 853 bellorum
273 805 371 861 motus,
388 798 554 852 innocentius
569 806 693 869 egerunt:
714 815 772 857 seu.
788 800 851 868 quia
861 815 922 869 pro-

127 872 181 936 onl,
192 881 216 926 st
226 871 330 926 Oceano
342 871 458 939 divisac;
480 889 528 927 seu
541 873 640 927 crebris
652 872 865 942 expeditionibus
875 872 922 926 do-

127 958 184 1002 ctae
203 947 304 1001 bostem
318 948 406 1018 potius
420 947 518 1002 odisse.
557 946 639 1013 Quies
651 956 676 1002 et
686 946 804 1020 illyrico:
826 965 922 1018 quam-

128 1039 209 1094 quam
220 1024 342 1076 excitaea
353 1022 455 1076 Nerone
465 1021 590 1095 legiones,
598 1023 663 1076 dum
674 1024 702 1076 in
714 1022 785 1076 ltalia
795 1032 922 1077 cunctan-

128 1106 181 1160 tur,
192 1097 349 1169 Verginium
361 1096 536 1170 legationibus
547 1097 671 1151 adissent.
704 1096 755 1152 Sed
766 1097 850 1170 longis
861 1114 922 1168 spa-

127 1173 172 1227 tiis
182 1171 287 1226 discreti
298 1172 439 1234 exercitus,
450 1172 522 1243 quod
531 1172 738 1228 saluberrimum
749 1182 788 1226 est
797 1172 829 1226 ad
839 1173 922 1226 conti-

128 1247 242 1302 nendam
252 1246 394 1302 militarem
404 1245 494 1313 fldem,
507 1264 555 1301 nec
564 1248 703 1312 vitiis‚nec
712 1247 815 1302 viribus
826 1250 922 1302 misce-

127 1322 233 1377 bantur.

184 1400 224 1452 tt.
246 1395 457 1451 Onetsadbuo
449 1404 576 1452 inmotus
613 1395 717 1470 Syriam
728 1405 754 1451 et
762 1404 874 1468 quatuor
884 1395 922 1449 le-

128 1474 220 1547 gioms
234 1472 368 1528 obtinebat
386 1472 505 1527 Licinius
520 1473 669 1538 Mucianus,
686 1474 727 1526 vir
741 1472 865 1526 secundis
875 1471 922 1525 ad-

129 1551 267 1619 versisque
282 1549 355 1601 iuxta
369 1545 495 1602 famosus
535 1548 656 1620 insignes
673 1548 801 1600 amicitias
816 1547 921 1600 iuvenis

128 1623 266 1678 ambitiose
275 1621 402 1675 coluerat
421 1639 493 1686 mox,
505 1621 607 1676 adtritis
616 1621 722 1696 opibus
730 1621 831 1675 lubrico
840 1630 920 1686 statu

127 1706 249 1784 suspecta
267 1697 347 1750 etiam
366 1695 471 1750 Claudii
489 1697 664 1762 iracundias
656 1714 684 1750 m
699 1705 839 1750 secretum
844 1696 922 1749 Asiae

127 1773 268 1844 repositus,
290 1778 343 1824 tarn
363 1787 444 1842 prope
463 1771 497 1824 ab
516 1770 608 1826 exsule
626 1771 686 1836 luit,
705 1788 787 1842 quam
802 1779 890 1841 postea
907 1789 921 1824 a

128 1847 257 1920 principe.
297 1844 425 1909 Luxuria,
446 1845 586 1911 industria,
608 1847 737 1909 comitate,
759 1845 920 1918 adrogantia.

127 1921 207 1977 malis
226 1920 357 1992 bonisque
376 1920 478 1974 artibus
498 1923 608 1976 mixtus.
648 1921 752 1974 Nimiae
765 1920 920 1991 voluptates,

127 2014 189 2051 eum
206 2003 321 2062 vacaret3
352 1997 474 2066 quotiens
493 1997 652 2067 expedierat,
672 2014 714 2050 ma
753 2010 783 2049 as
799 1997 920 2050 virtutes.

128 2071 217 2125 Palam
229 2069 334 2135 laudes;
356 2080 452 2124 secreta
463 2071 532 2125 mals
542 2072 691 2126 audiebant.
715 2013 847 2141 &capud
857 2071 923 2124 sub-

128 2148 218 2209 iectos,
230 2144 301 2216 apud
311 2147 455 2215 proximos,
467 2146 538 2216 apud
548 2146 680 2219 conlegas
691 2146 772 2200 variis
783 2145 922 2200 inlecebris

127 2232 233 2293 potens;
264 2228 289 2273 et
307 2220 351 2273 cui
374 2221 522 2290 expeditius
545 2220 624 2275 luerit
647 2220 774 2274 tradere
766 2221 921 2290 imperium,

128 2313 210 2368 quam
226 2295 352 2349 obtinere.
391 2295 494 2349 Bellum
508 2295 768 2350 iudaicum'Flavius
779 2295 924 2365 ‘Vespasia-

129 2387 191 2434 nus
202 2370 306 2441 (ducem
316 2385 378 2424 eum
384 2369 453 2424 Nero
462 2368 613 2442 delegerat)
621 2370 707 2425 tribus
716 2368 866 2442 legionibus
876 2369 923 2423 ad-

129 2445 304 2500 ministrabat
337 2444 391 2498 Nec
400 2444 562 2515 Vespasiano
571 2445 698 2499 adversus
708 2444 819 2500 Galbam
831 2455 920 2500 votum

129 2529 174 2576 aut
193 2521 314 2575 animus:
345 2520 445 2607 quippe
463 2519 553 2573 Titum
573 2520 658 2573 filium
676 2521 710 2574 ad
729 2523 922 2574 venerationem

130 2596 285 2668 cultumque
304 2594 362 2648 eius
381 2595 498 2659 miserat,
518 2603 547 2648 ut
561 2611 610 2668 suo
629 2593 684 2650 loco
703 2595 920 2650 memorabimus

130 2671 238 2728 Occulta
248 2670 305 2746 lege
313 2669 359 2725 latr
369 2670 511 2726 etostentts
520 2687 551 2724 ac
560 2686 695 2744 responsis
703 2669 923 2726 destinetane-
