1950 3016
163 114 195 169 to
402 116 728 166 nrsronrnnuu
823 106 951 181 (uuus

164 223 272 274 Perdere
290 222 338 274 iste
355 223 427 282 sciet,
442 222 540 272 dorsera
553 222 654 272 nesciet.
693 215 793 284 Stupro
804 224 962 271 eumceteo-

163 299 324 349 missutiouec
342 302 365 346 ct
384 298 539 363 teminorum
558 301 643 347 coctus
660 293 740 345 eololt
756 295 851 345 amiato.
891 291 962 346 Haec

162 374 325 437 petriciputus
342 374 460 436 praemia
476 376 566 435 putot‚·
587 383 696 435 quorum
710 368 789 419 libido
801 368 962 433 accoluptus

161 461 238 512 penes
252 448 335 510 ipsum
348 448 391 506 cit,
405 446 487 497 rubor
501 459 533 495 ac
547 445 740 509 dedecuspeuee
750 456 842 494 omncs.
882 440 963 494 Nemo

163 522 230 571 elsim
246 535 359 586 remquam
373 521 509 585 imperium
518 519 618 582 [lanitio
627 519 771 582 quaesitum
781 517 963 568 bomtsortibus

163 598 291 647 exercuit.
333 592 443 646 Galbam
456 606 593 644 consensus
604 594 705 657 porteris
719 591 835 653 buriam,
845 606 886 642 me
898 588 963 644 Gal·

164 671 205 725 bra,
217 669 430 721 coruoutteutibus
439 668 518 727 uobis,
532 663 755 717 Caesaremdiuit.
794 662 825 717 Si
834 665 964 731 respubli-

164 760 195 796 ca
206 751 230 796 et
237 750 342 795 secretus
351 749 373 793 et
383 742 493 807 populus
501 754 570 793 vome
579 742 684 791 nomino
693 746 769 792 ment:
788 747 884 801 oestro,
894 754 964 792 cont-

163 820 304 877 mtlttomn,
329 819 447 876 interest,
470 830 503 867 me
524 818 704 880 imperatorem
726 817 833 880 pessimi
853 816 964 882 {omem

164 892 303 958 laepiouum
320 892 412 943 seditio
429 892 566 942 adoneum
584 891 662 942 duces
676 903 737 941 suos
750 890 843 941 audito
859 896 897 941 est
911 891 965 942 oli·

164 968 282 1033 qeruucto:
311 971 398 1017 oestro
416 965 479 1031 fides
495 968 616 1031 {emaque
635 964 736 1015 intensa
754 965 791 1015 od
810 963 879 1015 tuuc
896 965 965 1015 diem

163 1043 266 1093 mansit.
292 1037 326 1091 Et
336 1037 406 1092 Ncro
415 1041 701 1106 quoquerocdectitutt,
712 1052 764 1088 uon
773 1052 819 1089 uos
828 1035 963 1090 Neronem

162 1114 252 1168 Minus
260 1112 349 1165 XXX
358 1116 508 1180 transfusae
519 1120 544 1164 et
555 1114 705 1171 desertores,
717 1127 782 1179 quoe
791 1114 965 1163 centurionem

163 1196 210 1242 eut
223 1190 354 1242 tribunum
366 1189 417 1240 sibi
430 1188 550 1253 clipeatos
559 1201 632 1237 recuro
642 1191 730 1255 (erret,
742 1189 882 1253 imperium
891 1187 965 1238 adsi-

162 1259 298 1332 pmulmmtl’
312 1260 455 1315 Admittitis
464 1257 627 1326 exemplum?
637 1268 661 1313 et
672 1263 824 1328 quiescendo
834 1275 966 1313 commuue

164 1340 262 1391 crimem
269 1333 378 1406 tacitis?
390 1336 563 1389 Transcendet
572 1337 635 1388 boec
645 1336 751 1388 ticerctra
761 1338 790 1388 im
795 1338 964 1402 provincius:

163 1422 188 1475 et
201 1416 238 1466 ad
251 1429 298 1465 reos
310 1413 435 1465 scelerum
445 1415 540 1469 cuitus,
553 1411 676 1464 bellorum
686 1412 722 1462 ad
730 1425 782 1470 eos,
790 1411 964 1476 pertinebunt.

163 1487 217 1542 Nec
226 1495 264 1540 est
271 1489 340 1554 plus,
351 1488 419 1554 quod
426 1502 476 1553 pro
491 1488 567 1538 coede
574 1487 710 1551 principis,
722 1500 800 1551 quem
810 1487 878 1551 quod
888 1487 965 1536 immo-

164 1564 381 1615 camtibusdatur:
400 1559 963 1627 sedperiudoamobtcdonctiuumobfidem,

164 1636 688 1704 quumabnliicprotocimorcaccipietis.

218 1711 260 1761 st.
282 1706 397 1778 Dilapsis
421 1705 646 1776 speculatoribus,
670 1712 755 1759 cetera
778 1704 887 1769 cohors,
911 1722 964 1760 nou

163 1790 302 1853 aspernata
311 1783 520 1844 concionantem,
532 1788 563 1835 ut
573 1779 687 1835 turbidis
698 1777 779 1834 rebus
789 1781 887 1842 evenit,
900 1778 964 1833 lorte

164 1858 250 1930 magis
261 1864 286 1909 et
296 1855 371 1911 nullo
381 1855 468 1909 adhuc
478 1853 597 1919 oonsilio,
609 1863 683 1925 parat
692 1855 779 1927 signa,
791 1871 883 1925 quam,
891 1853 965 1925 quod

164 1942 253 2002 postea
263 1931 392 1985 creditum
404 1939 453 1993 est,
464 1930 571 1983 insidiis
581 1938 606 1983 et
614 1928 793 1983 simulatione.
829 1929 930 1984 Missus
939 1936 965 1984 et

164 2006 258 2061 Celsus
273 2006 374 2059 Marius
383 2004 418 2059 ad
427 2005 521 2059 electos
532 2003 632 2077 lllyrici
642 2005 783 2067 exercitus,
797 2003 924 2074 Vipsanis
936 2005 965 2058 in

164 2082 265 2153 porticu
281 2079 426 2134 tendentes.
465 2080 636 2149 Praeceptum
646 2076 754 2133 Amulio
768 2075 866 2133 Sereno
878 2090 904 2133 et
915 2080 966 2134 llo-

164 2158 239 2211 mitio
253 2155 359 2218 Sabino,
376 2153 598 2225 primipilaribus,
616 2162 645 2207 ut
655 2154 828 2208 Germanicos
841 2153 964 2208 militese

164 2232 304 2286 Libertatis
317 2230 383 2284 atrio
395 2237 565 2283 arcesserent.
606 2228 715 2301 Legioni
725 2227 850 2283 classicae
859 2229 966 2283 diffide-

164 2306 251 2369 butur,
266 2304 376 2360 infestae
389 2303 424 2358 ob
437 2303 544 2358 caedem
560 2303 783 2368 commilitonum,
798 2321 866 2375 quos
876 2306 964 2375 primo

164 2382 253 2434 statim
267 2381 375 2435 introitu
388 2378 566 2433 trucidaverat
580 2378 673 2433 Galba.
714 2379 832 2453 Pergunt
845 2381 923 2433 etiam
936 2380 964 2433 iu

165 2465 248 2509 castrs
259 2457 483 2524 praetorianorum
494 2453 605 2517 tribuni,
617 2453 723 2508 Cetrius
733 2453 857 2517 Severus,
869 2453 964 2508 Subri-

164 2546 198 2581 us
214 2529 317 2592 Dexter,
334 2529 476 2600 Pompeius
489 2527 644 2598 Longinus;
666 2528 689 2582 si
701 2530 831 2600 incipiens
842 2529 929 2582 ndliuc
938 2537 964 2584 et

166 2602 279 2658 necdum
295 2603 383 2659 edulta
397 2603 492 2661 seditio
506 2601 663 2661 melioribus
676 2604 796 2659 consiliis
806 2601 962 2659 flecteretur.

423 2837 441 2868 ἡ
