1950 3016
133 197 183 248 tte
372 200 696 249 nrsronrunun
797 160 930 265 (nomeu

132 300 310 356 munitetibus
319 303 426 357 iuvere:
447 300 573 373 denique,
588 300 663 357 nullu
673 302 702 355 in
713 308 930 372 posterumcurn,

132 375 246 431 incerere
255 376 411 447 imperium.
444 374 496 431 Sed
506 376 606 448 vulgus
618 376 653 431 ed
662 375 878 448 magnitudinem
886 375 932 433 he·

132 450 288 505 neiiciornm
298 452 399 506 aderet:
414 451 592 507 stultissimus
602 452 721 521 quisque
730 450 854 521 pecuniis
863 467 932 505 mer-

131 525 253 579 cnhntur:
275 525 932 597 epudsepientescessehebebnntur,queeneque

130 599 189 655 duri
209 617 296 670 neque
309 602 393 670 accipi
406 599 481 655 suive
495 598 632 670 republica
644 608 774 670 poterunt.
814 600 930 657 Tandem

131 673 264 747 flagitante
273 675 400 740 exercitu,
411 675 460 746 qui
469 675 619 729 Mevaniam
629 674 772 739 insederat,
782 691 883 747 magno
891 692 931 731 ee·

130 757 253 805 ueterum
263 751 502 821 ngminc,quorum
512 749 611 805 multos
620 748 927 819 ambitionepiureetor

131 823 233 879 midine
245 824 372 888 trahebat,
384 826 414 879 in
423 826 600 889 castraverit,
612 825 731 881 incertus
740 824 827 879 enimi
836 831 863 879 et
871 822 931 879 infi-

130 898 173 953 dis
183 897 303 953 consiliis
312 899 455 955 obnoxius.

185 975 228 1027 56.
249 971 420 1027 Concionanti
433 972 625 1046 (prodigiosum
636 971 720 1044 dictu)
730 980 834 1029 tontum
844 972 930 1031 nedi-

130 1064 192 1100 rum
203 1045 342 1101 volucrum
352 1046 562 1116 supervolitavit,
572 1055 602 1103 ut
610 1047 683 1103 nube
692 1056 747 1103 atre
757 1047 829 1103 diem
839 1049 931 1105 obten-

129 1118 230 1174 derent.
263 1121 382 1175 Accessit
391 1120 481 1177 dirum
490 1139 579 1186 omen,
592 1121 724 1194 profugus
733 1122 864 1179 alteribus
872 1132 930 1179 tnu-

129 1211 187 1257 rus,
211 1193 320 1249 disiecto
333 1195 456 1251 sacrificii
470 1198 607 1268 adparatu,
629 1196 716 1269 longe,
737 1214 787 1251 neo
799 1199 847 1253 uhi
860 1198 930 1253 ieriri

129 1268 229 1324 hostius
243 1286 302 1325 mos
316 1278 365 1335 est,
381 1269 529 1327 confossus.
569 1270 621 1325 Sed
630 1272 806 1341 praecipuum
817 1273 876 1343 ipse
884 1272 930 1329 Vi·

129 1342 218 1399 toiiius
226 1352 361 1399 ostentum
370 1355 434 1410 eret,
445 1347 555 1419 ignarus
566 1345 686 1409 militiae,
699 1346 858 1416 inprovidus
868 1364 930 1406 cen-

128 1418 194 1483 siiii,
209 1423 268 1487 quie
278 1424 342 1475 ordo
356 1425 476 1489 opmiute,
487 1439 553 1489 qnae
564 1439 629 1475 curn
639 1424 805 1487 explorandi,
816 1432 930 1490 quamue

128 1498 245 1561 uremur
259 1498 413 1549 trahendove
430 1499 494 1549 teilo
507 1500 606 1555 modus,
628 1494 696 1551 elios
710 1496 838 1568 rogitans,
861 1496 930 1551 etad

128 1585 222 1623 omnes
237 1571 344 1623 nuntios
359 1568 436 1624 vultu
451 1587 560 1640 quoque
571 1578 597 1624 et
607 1570 714 1625 incessu
723 1570 855 1641 trepidus,
867 1571 928 1627 dein

129 1642 302 1698 temulentus.
341 1643 476 1697 Postremo
486 1644 571 1698 taedio
580 1652 737 1710 castrorum,
749 1655 775 1699 et
783 1645 875 1701 audite
883 1646 929 1703 de-

129 1714 241 1771 iectione
249 1717 409 1771 Misenensis
419 1717 521 1782 clessis,
533 1719 643 1773 Romam
652 1721 771 1785 revertit,
778 1721 929 1777 recentissi-

129 1807 205 1843 mum
220 1790 346 1861 querique
360 1789 461 1847 vulnus
474 1810 584 1862 pavens,
600 1794 701 1849 summi
711 1793 877 1849 discriminis
887 1796 929 1851 in·

128 1864 260 1919 curiosus.
300 1865 368 1921 Nem
383 1883 446 1920 cum
459 1867 607 1939 transgredi
621 1868 809 1938 Apenninum.
826 1870 928 1943 integro

128 1939 260 1992 exercitus
269 1941 313 1993 sui
323 1940 425 2004 robore,
432 1948 459 1995 et
468 1939 552 1995 fessos
563 1942 650 1996 hieme
659 1944 928 2014 etqueinopiehostee

127 2012 247 2085 adgredi,
263 2015 292 2068 in
306 2023 395 2085 operto
409 2013 488 2083 ioret3
509 2015 575 2070 dum
589 2017 719 2090 dispergit
732 2018 814 2085 vires,
830 2022 928 2075 acerri-

127 2104 204 2143 mum
225 2088 338 2143 militem
356 2097 383 2145 et
395 2107 483 2161 usque
497 2091 525 2145 in
540 2099 655 2147 extrema
667 2092 832 2149 obstinatum
845 2096 928 2153 trnoi·

126 2162 246 2217 dandum
255 2163 469 2237 capiendumque
480 2166 595 2230 tradidit,
610 2168 783 2237 peritissimis
795 2172 928 2227 centurio-

126 2255 194 2293 num
205 2238 424 2295 dissentientibus
434 2249 470 2304 et,
480 2241 505 2295 si
515 2241 723 2306 consulerentur,
730 2260 794 2297 vere
803 2243 925 2303 dicturis.

127 2312 243 2367 Arcuere
254 2331 298 2369 eos
307 2315 395 2371 intimi
406 2317 553 2371 amicorum
562 2315 713 2381 vitellinis
723 2315 844 2373 formetis
851 2322 927 2390 prin-

127 2388 195 2456 cipis
209 2389 330 2453 auribus,
353 2397 384 2445 ut
396 2406 498 2461 aspere,
514 2407 582 2461 quae
596 2390 682 2456 utilio,
703 2394 925 2466 necquidquam,

128 2462 181 2516 nisi
192 2463 341 2517 ineundum
350 2471 375 2519 et
384 2463 530 2528 laesurum,
542 2465 679 2535 acciperet.

181 2538 223 2591 ὔῖ.
242 2536 295 2593 Sed
304 2537 417 2595 classem
424 2540 601 2593 Misenensem
611 2539 724 2611 (tentum
733 2542 864 2601 civilibus
871 2544 926 2603 dis-

117 2610 221 2665 eordiis
235 2613 318 2669 etiem
331 2612 506 2690 singulorum
518 2613 631 2673 seducis
640 2615 724 2685 ruisti
732 2614 864 2675 Cinudius
876 2620 926 2675 Fu·

110 2685 242 2745 ventiuus
258 2693 401 2761 centurio,
416 2709 469 2769 pet
481 2690 670 2768 ignonimiam
681 2687 945 2748 effluuffiwm
