1950 3016
122 196 173 251 32⁶
357 200 409 247 DE
427 200 681 249 ouauoltntlto

122 302 224 377 ingenii
238 301 296 358 loeo
311 301 433 375 plerique
445 302 550 365 iactam,
569 303 669 356 mouri
686 300 832 374 saltarique
845 318 915 357 oom-

122 378 265 434 mentarioa
274 395 348 434 suos.
387 378 462 433 Unde
470 380 554 433 oritur
562 376 608 432 iiia
617 375 692 432 foeda
704 384 731 430 et
738 384 914 449 praepostera,

122 453 170 507 aed
179 461 267 508 umen
278 452 404 525 frequens
411 453 574 525 quibusdam
584 451 749 516 exclamatio,
761 450 795 506 'ut
803 456 922 508 oremres'

122 530 205 585 nostri
215 536 303 584 tenere
311 529 408 593 dieere,
423 528 565 583 histriones
573 527 672 581 diserte
679 526 775 582 salure
783 527 914 583 dieantur.

122 604 255 676 Equidem
265 622 318 659 non
327 604 489 678 negaverim,
500 603 624 658 Cassium
635 601 864 675 Severum,quem
874 621 916 658 so-

122 678 179 734 ium
193 681 264 751 Aper
276 687 363 735 nosue
378 681 515 734 nominare
528 695 611 733 ausus
623 687 676 744 est,
692 678 717 733 ai
727 677 771 734 bis
781 695 916 750 eompara-

121 764 175 820 tur,
191 755 337 828 quipostea
347 753 463 819 fuerunt,
484 755 807 825 posseeratoremvoeari,
820 771 915 826 quam-

121 847 204 903 quam
212 830 242 884 in
251 847 347 903 magna
356 838 430 902 parte
440 829 569 884 librorum
578 845 689 883 suonam
693 827 913 900 piusvishabeat,

122 923 204 978 quam
214 906 363 977 sanguinis.
403 906 509 959 Primus
521 904 603 968 enim,
614 912 764 975 oontempto
772 904 866 959 ordina
874 921 915 959 re-

121 981 298 1044 rum,omisea
307 967 434 1034 modetia
444 996 474 1034 ac
483 979 739 1051 pudorererborum,
748 980 816 1050 ipsis
825 981 913 1045 edam,

121 1054 222 1127 quibus
242 1055 335 1119 utitur,
354 1056 436 1108 armis
454 1055 646 1126 incompositus
665 1063 691 1108 et
702 1054 791 1111 studio
803 1053 914 1110 feriendi

122 1128 281 1202 plerumque
298 1129 425 1194 deiectus,
446 1147 498 1184 non
507 1137 618 1203 pugnat,
630 1129 677 1184 sed
688 1131 800 1185 rixatur.
840 1130 915 1185 Cete-

121 1220 192 1269 rum,
204 1212 234 1259 ut
242 1204 309 1270 dixi,
321 1204 495 1278 sequentibus
503 1212 679 1276 comparatus,
686 1213 711 1259 et
721 1207 846 1261 varietate
855 1223 915 1261 eru·

120 1279 229 1336 ditioms
243 1288 268 1335 et
282 1279 370 1352 lepore
384 1280 538 1336 urbanitatis
548 1288 573 1334 et
582 1281 702 1351 ipsarum
712 1281 813 1336 virium
824 1282 914 1337 robore

121 1355 237 1410 multum
255 1364 354 1411 eeteros
367 1365 487 1428 superat:
507 1373 623 1427 quorum
636 1356 771 1411 neminem
787 1357 859 1429 Aper
869 1375 915 1413 ne·

121 1430 470 1487 minareetvelutinaoiem
480 1431 738 1486 edueeresustinuit.
759 1432 913 1506 Egoautem

121 1507 315 1578 exspectabam,
337 1514 375 1572 ut,
396 1508 516 1562 incusato
536 1507 630 1561 Asinio
643 1514 668 1560 et
679 1506 769 1562 Coelio
783 1516 809 1562 et
822 1507 912 1572 Calvo,

121 1580 194 1636 eliud
203 1582 280 1638 nobis
288 1599 384 1656 agmen
394 1582 557 1653 produceret,
570 1581 715 1653 pluresque
723 1580 765 1636 vei
776 1591 846 1638 oerta
856 1585 915 1638 toti-

120 1657 180 1711 dem
196 1659 352 1722 nomiuaret,
363 1674 396 1712 ex
410 1657 511 1729 quibus
520 1655 604 1711 atium
615 1656 744 1723 Ciceroni,
755 1656 839 1712 alium
851 1658 915 1714 Cae-

120 1732 183 1795 sari,
195 1731 311 1804 singulis
320 1732 430 1786 demum
439 1731 570 1805 singulos,
580 1749 786 1804 opponeremus.
825 1735 912 1801 Nune,

119 1804 276 1860 detrectasse
285 1808 440 1861 nominatim
451 1809 574 1879 antiquos
583 1818 697 1863 oratores
706 1815 856 1874 ooutantus,
868 1826 915 1864 ne-

120 1881 219 1934 minem
230 1883 399 1952 sequentium
410 1880 515 1937 laudare
525 1899 608 1938 ausus
618 1891 667 1949 est,
674 1884 727 1938 nisi
737 1885 763 1938 in
773 1884 913 1956 pubiicum

119 1955 181 2010 etin
193 1972 348 2011 commune:
368 1957 479 2023 veritus,
495 1957 583 2023 eredo,
604 1975 638 2012 ne
650 1957 747 2014 multos
760 1959 911 2028 offenderet,

119 2032 142 2085 ai
152 2048 249 2102 paucos
259 2033 442 2102 excerpsisset.
481 2030 583 2098 Quotus
600 2034 671 2088 enirn
683 2034 801 2106 quisque
809 2035 914 2090 schola-

118 2107 244 2161 atioorum
261 2124 314 2161 nou
329 2107 378 2161 hae
392 2123 441 2161 sua
455 2110 627 2177 persuasione
639 2107 744 2174 fruitur,
767 2119 797 2164 ut
808 2128 838 2166 se
850 2109 911 2187 [non

118 2178 238 2311 guidem]
254 2189 315 2310 αἳηῐο
327 2181 480 2237 Ciceronem
495 2191 625 2248 numeret,
640 2184 687 2238 sed
700 2184 778 2255 plane
790 2195 851 2258 post
860 2187 913 2242 Ga-

137 2273 258 2312 rmanum
851 2310 854 2315 .

172 2334 215 2388 27.
235 2334 389 2404 Ategonon
400 2331 509 2388 verebor
517 2333 654 2389 nominare
663 2333 794 2407 singulos,
809 2353 865 2408 quo
875 2335 913 2390 ia·
944 2332 947 2337 ’

118 2406 206 2469 eitius,
223 2407 364 2478 pmpositia
373 2406 513 2478 exemplis,
529 2407 659 2479 adpareat,
674 2409 911 2484 quibusgradibus

118 2480 197 2535 fracta
207 2483 241 2535 sit
251 2491 276 2535 et
284 2481 418 2536 deminuta
429 2482 586 2555 eloquentia.

158 2556 328 2634 Adpropera,
342 2558 433 2637 inquit
442 2559 590 2627 Maternus,
603 2559 842 2631 etpotiusexsoiva
851 2578 911 2632 pro·

86 2634 225 2695 missum.
269 2638 373 2717 Neque
391 2642 471 2700 enim
487 2640 544 2699 hoe
557 2636 661 2712 ooniigi
670 2633 868 2697 desideramus,
881 2636 922 2687 dx-

70 2709 215 2772 sertr‘ores
229 2733 299 2780 esse
312 2721 469 2802 antiquos,
483 2707 941 2802 quodnpndmeqtt'tdm'wffl
