<?xml version="1.0" encoding="UTF-8"?>
<!DOCTYPE html PUBLIC "-//W3C//DTD XHTML 1.0 Transitional//EN"
    "http://www.w3.org/TR/xhtml1/DTD/xhtml1-transitional.dtd">
<html xmlns="http://www.w3.org/1999/xhtml" xml:lang="en" lang="en">
 <head>
  <title>
</title>
<meta http-equiv="Content-Type" content="text/html;charset=utf-8" />
  <meta name='ocr-system' content='tesseract 3.04.00' />
  <meta name='ocr-capabilities' content='ocr_page ocr_carea ocr_par ocr_line ocrx_word'/>
</head>
<body>
  <div class='ocr_page' id='page_1' title='image "./ccorneliitaciti00weisgoog_0044.png"; bbox 0 0 1950 3016; ppageno 0'>
   <div class='ocr_carea' id='block_1_1' title="bbox 63 166 828 242">
    <p class='ocr_par' dir='ltr' id='par_1_1' title="bbox 63 166 828 242">
     <span class='ocr_line' id='line_1_1' title="bbox 63 166 828 242; baseline 0.001 -18"><span class='ocrx_word' id='word_1_1' title='bbox 63 166 150 242; x_wconf 66' lang='lat' dir='ltr'><strong>aar.)</strong></span> <span class='ocrx_word' id='word_1_2' title='bbox 249 177 318 225; x_wconf 79' lang='lat' dir='ltr'><strong>nm.</strong></span> <span class='ocrx_word' id='word_1_3' title='bbox 342 178 362 225; x_wconf 90' lang='lat'><strong>1.</strong></span> <span class='ocrx_word' id='word_1_4' title='bbox 383 177 462 225; x_wconf 76' lang='lat' dir='ltr'><strong>cna.</strong></span> <span class='ocrx_word' id='word_1_5' title='bbox 483 176 602 223; x_wconf 79' lang='lat' dir='ltr'><strong>ss-ar.</strong></span> <span class='ocrx_word' id='word_1_6' title='bbox 795 172 828 225; x_wconf 80' lang='lat' dir='ltr'><strong>aa</strong></span> 
     </span>
    </p>
   </div>
   <div class='ocr_carea' id='block_1_2' title="bbox 63 277 886 2768">
    <p class='ocr_par' dir='ltr' id='par_1_2' title="bbox 63 277 829 1026">
     <span class='ocr_line' id='line_1_2' title="bbox 63 277 827 351; baseline 0.001 -18"><span class='ocrx_word' id='word_1_7' title='bbox 63 278 162 350; x_wconf 88' lang='lat' dir='ltr'><strong>periori</strong></span> <span class='ocrx_word' id='word_1_8' title='bbox 181 277 299 333; x_wconf 66' lang='lat' dir='ltr'><strong>exoratu</strong></span> <span class='ocrx_word' id='word_1_9' title='bbox 314 286 408 350; x_wconf 83' lang='lat' dir='ltr'><strong>quarta</strong></span> <span class='ocrx_word' id='word_1_10' title='bbox 422 295 453 333; x_wconf 89' lang='lat' dir='ltr'><strong>ae</strong></span> <span class='ocrx_word' id='word_1_11' title='bbox 465 278 677 334; x_wconf 87' lang='lat' dir='ltr'><strong>duodevicesima</strong></span> <span class='ocrx_word' id='word_1_12' title='bbox 699 277 827 351; x_wconf 79' lang='lat' dir='ltr'><strong>legiones,</strong></span> 
     </span>
     <span class='ocr_line' id='line_1_3' title="bbox 63 352 827 425; baseline 0 -16"><span class='ocrx_word' id='word_1_13' title='bbox 63 354 123 409; x_wconf 81' lang='lat' dir='ltr'><strong>dem</strong></span> <span class='ocrx_word' id='word_1_14' title='bbox 140 353 264 407; x_wconf 89' lang='lat' dir='ltr'><strong>bibernis</strong></span> <span class='ocrx_word' id='word_1_15' title='bbox 282 354 426 418; x_wconf 86' lang='lat' dir='ltr'><strong>tendentes,</strong></span> <span class='ocrx_word' id='word_1_16' title='bbox 438 356 497 425; x_wconf 90' lang='lat' dir='ltr'><strong>ipso</strong></span> <span class='ocrx_word' id='word_1_17' title='bbox 515 352 573 407; x_wconf 86' lang='lat' dir='ltr'><strong>Kal.</strong></span> <span class='ocrx_word' id='word_1_18' title='bbox 586 353 767 409; x_wconf 84' lang='lat' dir='ltr'><strong>Ianuariarum</strong></span> <span class='ocrx_word' id='word_1_19' title='bbox 783 355 827 409; x_wconf 92' lang='lat' dir='ltr'><strong>die</strong></span> 
     </span>
     <span class='ocr_line' id='line_1_4' title="bbox 63 427 827 502; baseline 0 -19"><span class='ocrx_word' id='word_1_20' title='bbox 63 437 190 500; x_wconf 86' lang='lat' dir='ltr'><strong>umpunt</strong></span> <span class='ocrx_word' id='word_1_21' title='bbox 203 429 337 501; x_wconf 75' lang='lat' dir='ltr'>imagines</span> <span class='ocrx_word' id='word_1_22' title='bbox 351 429 462 484; x_wconf 88' lang='lat' dir='ltr'><strong>Galbae:</strong></span> <span class='ocrx_word' id='word_1_23' title='bbox 484 435 576 500; x_wconf 85' lang='lat' dir='ltr'><strong>quarta</strong></span> <span class='ocrx_word' id='word_1_24' title='bbox 591 427 659 502; x_wconf 84' lang='lat' dir='ltr'><strong>legio</strong></span> <span class='ocrx_word' id='word_1_25' title='bbox 667 432 827 501; x_wconf 78' lang='lat' dir='ltr'><strong>promptius,</strong></span> 
     </span>
     <span class='ocr_line' id='line_1_5' title="bbox 64 504 829 570; baseline -0.003 -11"><span class='ocrx_word' id='word_1_26' title='bbox 64 505 245 559; x_wconf 77' lang='lat' dir='ltr'><strong>odevieesima</strong></span> <span class='ocrx_word' id='word_1_27' title='bbox 256 512 417 570; x_wconf 74' lang='lat' dir='ltr'>cunctanter,</span> <span class='ocrx_word' id='word_1_28' title='bbox 433 522 495 559; x_wconf 83' lang='lat' dir='ltr'><strong>mox</strong></span> <span class='ocrx_word' id='word_1_29' title='bbox 506 521 647 559; x_wconf 87' lang='lat' dir='ltr'><strong>consensu.</strong></span> <span class='ocrx_word' id='word_1_30' title='bbox 687 504 734 568; x_wconf 88' lang='lat' dir='ltr'><strong>lle,</strong></span> <span class='ocrx_word' id='word_1_31' title='bbox 745 523 778 559; x_wconf 90' lang='lat' dir='ltr'><strong>ue</strong></span> <span class='ocrx_word' id='word_1_32' title='bbox 788 521 829 558; x_wconf 88' lang='lat' dir='ltr'><strong>re-</strong></span> 
     </span>
     <span class='ocr_line' id='line_1_6' title="bbox 63 579 829 650; baseline -0.003 -16"><span class='ocrx_word' id='word_1_33' title='bbox 63 582 175 634; x_wconf 74' lang='lat' dir='ltr'><strong>centiam</strong></span> <span class='ocrx_word' id='word_1_34' title='bbox 190 581 299 650; x_wconf 90' lang='lat' dir='ltr'><strong>imperil</strong></span> <span class='ocrx_word' id='word_1_35' title='bbox 314 597 410 634; x_wconf 83' lang='lat' dir='ltr'><strong>exuere</strong></span> <span class='ocrx_word' id='word_1_36' title='bbox 420 580 582 643; x_wconf 86' lang='lat' dir='ltr'><strong>viderentur,</strong></span> <span class='ocrx_word' id='word_1_37' title='bbox 604 588 711 634; x_wconf 86' lang='lat' dir='ltr'><strong>senatus</strong></span> <span class='ocrx_word' id='word_1_38' title='bbox 724 579 829 650; x_wconf 88' lang='lat' dir='ltr'><strong>populi·</strong></span> 
     </span>
     <span class='ocr_line' id='line_1_7' title="bbox 63 654 829 710; baseline 0.003 -3"><span class='ocrx_word' id='word_1_39' title='bbox 63 673 80 708; x_wconf 85' lang='lat' dir='ltr'><strong>e</strong></span> <span class='ocrx_word' id='word_1_40' title='bbox 90 656 206 709; x_wconf 90' lang='lat' dir='ltr'><strong>Romani</strong></span> <span class='ocrx_word' id='word_1_41' title='bbox 216 655 353 709; x_wconf 88' lang='lat' dir='ltr'><strong>obliterata</strong></span> <span class='ocrx_word' id='word_1_42' title='bbox 362 657 415 709; x_wconf 91' lang='lat' dir='ltr'><strong>iam</strong></span> <span class='ocrx_word' id='word_1_43' title='bbox 427 656 533 710; x_wconf 91' lang='lat' dir='ltr'><strong>nomina</strong></span> <span class='ocrx_word' id='word_1_44' title='bbox 543 664 707 709; x_wconf 85' lang='lat' dir='ltr'><strong>sacramento</strong></span> <span class='ocrx_word' id='word_1_45' title='bbox 718 654 829 709; x_wconf 82' lang='lat' dir='ltr'><strong>advoca·</strong></span> 
     </span>
     <span class='ocr_line' id='line_1_8' title="bbox 63 729 828 802; baseline 0 -19"><span class='ocrx_word' id='word_1_46' title='bbox 63 739 103 785; x_wconf 91' lang='lat' dir='ltr'><strong>nt:</strong></span> <span class='ocrx_word' id='word_1_47' title='bbox 126 729 205 784; x_wconf 89' lang='lat' dir='ltr'><strong>nullo</strong></span> <span class='ocrx_word' id='word_1_48' title='bbox 220 729 362 802; x_wconf 82' lang='lat' dir='ltr'><strong>legatorum</strong></span> <span class='ocrx_word' id='word_1_49' title='bbox 380 731 581 785; x_wconf 86' lang='lat' dir='ltr'><strong>tribunorumve</strong></span> <span class='ocrx_word' id='word_1_50' title='bbox 592 747 640 801; x_wconf 88' lang='lat' dir='ltr'><strong>pro</strong></span> <span class='ocrx_word' id='word_1_51' title='bbox 649 729 732 784; x_wconf 89' lang='lat' dir='ltr'><strong>Galba</strong></span> <span class='ocrx_word' id='word_1_52' title='bbox 744 732 828 783; x_wconf 87' lang='lat' dir='ltr'><strong>niten-</strong></span> 
     </span>
     <span class='ocr_line' id='line_1_9' title="bbox 75 803 827 876; baseline 0 -18"><span class='ocrx_word' id='word_1_53' title='bbox 75 804 257 876; x_wconf 68' lang='lat' dir='ltr'><strong>buibusdam,</strong></span> <span class='ocrx_word' id='word_1_54' title='bbox 272 807 339 859; x_wconf 88' lang='lat' dir='ltr'><strong>utin</strong></span> <span class='ocrx_word' id='word_1_55' title='bbox 350 805 476 868; x_wconf 87' lang='lat' dir='ltr'><strong>tumultu,</strong></span> <span class='ocrx_word' id='word_1_56' title='bbox 493 803 636 860; x_wconf 76' lang='lat' dir='ltr'><strong>notabilius</strong></span> <span class='ocrx_word' id='word_1_57' title='bbox 649 804 827 859; x_wconf 78' lang='lat' dir='ltr'><strong>turbantibus.</strong></span> 
     </span>
     <span class='ocr_line' id='line_1_10' title="bbox 63 880 828 953; baseline 0 -19"><span class='ocrx_word' id='word_1_58' title='bbox 63 898 85 934; x_wconf 84' lang='lat' dir='ltr'><strong>ur</strong></span> <span class='ocrx_word' id='word_1_59' title='bbox 101 889 193 934; x_wconf 62' lang='lat' dir='ltr'><strong>umen</strong></span> <span class='ocrx_word' id='word_1_60' title='bbox 208 880 354 951; x_wconf 90' lang='lat' dir='ltr'><strong>quisquam</strong></span> <span class='ocrx_word' id='word_1_61' title='bbox 368 881 396 934; x_wconf 89' lang='lat' dir='ltr'><strong>in</strong></span> <span class='ocrx_word' id='word_1_62' title='bbox 410 880 519 935; x_wconf 92' lang='lat' dir='ltr'><strong>modum</strong></span> <span class='ocrx_word' id='word_1_63' title='bbox 532 881 666 936; x_wconf 83' lang='lat' dir='ltr'><strong>concionis</strong></span> <span class='ocrx_word' id='word_1_64' title='bbox 676 897 691 935; x_wconf 90' lang='lat' dir='ltr'><strong>e</strong></span> <span class='ocrx_word' id='word_1_65' title='bbox 700 888 828 953; x_wconf 82' lang='lat' dir='ltr'><strong>suggestu</strong></span> 
     </span>
     <span class='ocr_line' id='line_1_11' title="bbox 63 955 773 1026; baseline 0.003 -18"><span class='ocrx_word' id='word_1_66' title='bbox 63 965 144 1010; x_wconf 74' lang='lat' dir='ltr'><strong>zatus.</strong></span> <span class='ocrx_word' id='word_1_67' title='bbox 186 955 281 1025; x_wconf 81' lang='lat' dir='ltr'><strong>Neque</strong></span> <span class='ocrx_word' id='word_1_68' title='bbox 290 956 361 1009; x_wconf 91' lang='lat' dir='ltr'><strong>enim</strong></span> <span class='ocrx_word' id='word_1_69' title='bbox 372 965 427 1010; x_wconf 86' lang='lat' dir='ltr'><strong>erat</strong></span> <span class='ocrx_word' id='word_1_70' title='bbox 435 955 531 1018; x_wconf 82' lang='lat' dir='ltr'><strong>adhuc,</strong></span> <span class='ocrx_word' id='word_1_71' title='bbox 543 957 585 1010; x_wconf 91' lang='lat' dir='ltr'><strong>cui</strong></span> <span class='ocrx_word' id='word_1_72' title='bbox 597 957 773 1026; x_wconf 86' lang='lat' dir='ltr'><strong>inputaretur.</strong></span> 
     </span>
    </p>

    <p class='ocr_par' dir='ltr' id='par_1_3' title="bbox 63 1028 828 2602">
     <span class='ocr_line' id='line_1_12' title="bbox 81 1028 828 1103; baseline 0 -18"><span class='ocrx_word' id='word_1_73' title='bbox 81 1033 124 1085; x_wconf 79' lang='lat'><strong>56.</strong></span> <span class='ocrx_word' id='word_1_74' title='bbox 146 1029 281 1100; x_wconf 81' lang='lat' dir='ltr'><strong>Spectator</strong></span> <span class='ocrx_word' id='word_1_75' title='bbox 295 1028 385 1103; x_wconf 87' lang='lat' dir='ltr'><strong>llagitii</strong></span> <span class='ocrx_word' id='word_1_76' title='bbox 399 1029 562 1085; x_wconf 82' lang='lat' dir='ltr'><strong>Hordeonius</strong></span> <span class='ocrx_word' id='word_1_77' title='bbox 571 1029 692 1095; x_wconf 90' lang='lat' dir='ltr'><strong>Flaccus,</strong></span> <span class='ocrx_word' id='word_1_78' title='bbox 705 1029 828 1086; x_wconf 87' lang='lat' dir='ltr'><strong>consula·</strong></span> 
     </span>
     <span class='ocr_line' id='line_1_13' title="bbox 63 1104 828 1179; baseline 0.001 -21"><span class='ocrx_word' id='word_1_79' title='bbox 63 1125 66 1157; x_wconf 77' lang='grc' dir='ltr'>ι</span> <span class='ocrx_word' id='word_1_80' title='bbox 82 1104 198 1179; x_wconf 81' lang='lat' dir='ltr'><strong>legatus,</strong></span> <span class='ocrx_word' id='word_1_81' title='bbox 215 1104 313 1169; x_wconf 87' lang='lat' dir='ltr'><strong>aderat,</strong></span> <span class='ocrx_word' id='word_1_82' title='bbox 329 1122 381 1159; x_wconf 91' lang='lat' dir='ltr'><strong>nou</strong></span> <span class='ocrx_word' id='word_1_83' title='bbox 396 1122 562 1176; x_wconf 84' lang='lat' dir='ltr'><strong>compescere</strong></span> <span class='ocrx_word' id='word_1_84' title='bbox 575 1116 689 1168; x_wconf 86' lang='lat' dir='ltr'><strong>ruentes,</strong></span> <span class='ocrx_word' id='word_1_85' title='bbox 704 1125 753 1161; x_wconf 90' lang='lat' dir='ltr'><strong>non</strong></span> <span class='ocrx_word' id='word_1_86' title='bbox 766 1107 828 1159; x_wconf 90' lang='lat' dir='ltr'><strong>reti-</strong></span> 
     </span>
     <span class='ocr_line' id='line_1_14' title="bbox 63 1179 826 1254; baseline 0 -20"><span class='ocrx_word' id='word_1_87' title='bbox 63 1198 91 1234; x_wconf 89' lang='lat' dir='ltr'><strong>re</strong></span> <span class='ocrx_word' id='word_1_88' title='bbox 110 1180 219 1244; x_wconf 87' lang='lat' dir='ltr'><strong>dubios,</strong></span> <span class='ocrx_word' id='word_1_89' title='bbox 240 1197 292 1235; x_wconf 91' lang='lat' dir='ltr'><strong>non</strong></span> <span class='ocrx_word' id='word_1_90' title='bbox 308 1179 436 1235; x_wconf 88' lang='lat' dir='ltr'><strong>cohortari</strong></span> <span class='ocrx_word' id='word_1_91' title='bbox 454 1180 536 1234; x_wconf 88' lang='lat' dir='ltr'><strong>bonos</strong></span> <span class='ocrx_word' id='word_1_92' title='bbox 551 1198 643 1245; x_wconf 75' lang='lat' dir='ltr'><strong>aursus,</strong></span> <span class='ocrx_word' id='word_1_93' title='bbox 665 1181 711 1235; x_wconf 84' lang='lat' dir='ltr'><strong>sed</strong></span> <span class='ocrx_word' id='word_1_94' title='bbox 725 1183 826 1254; x_wconf 86' lang='lat' dir='ltr'><strong>segnis,</strong></span> 
     </span>
     <span class='ocr_line' id='line_1_15' title="bbox 65 1253 828 1320; baseline 0.004 -13"><span class='ocrx_word' id='word_1_95' title='bbox 65 1255 156 1318; x_wconf 86' lang='lat' dir='ltr'><strong>vidus,</strong></span> <span class='ocrx_word' id='word_1_96' title='bbox 177 1263 203 1308; x_wconf 89' lang='lat' dir='ltr'><strong>et</strong></span> <span class='ocrx_word' id='word_1_97' title='bbox 219 1255 337 1310; x_wconf 86' lang='lat' dir='ltr'><strong>socordia</strong></span> <span class='ocrx_word' id='word_1_98' title='bbox 351 1257 491 1309; x_wconf 80' lang='lat' dir='ltr'><strong>innocens:</strong></span> <span class='ocrx_word' id='word_1_99' title='bbox 526 1253 644 1320; x_wconf 86' lang='lat' dir='ltr'><strong>Quatucr</strong></span> <span class='ocrx_word' id='word_1_100' title='bbox 662 1258 828 1311; x_wconf 84' lang='lat' dir='ltr'><strong>centuriones</strong></span> 
     </span>
     <span class='ocr_line' id='line_1_16' title="bbox 65 1328 828 1402; baseline 0 -18"><span class='ocrx_word' id='word_1_101' title='bbox 65 1329 262 1384; x_wconf 80' lang='lat' dir='ltr'><strong>olevieesimao</strong></span> <span class='ocrx_word' id='word_1_102' title='bbox 282 1328 403 1402; x_wconf 81' lang='lat' dir='ltr'><strong>legionis,</strong></span> <span class='ocrx_word' id='word_1_103' title='bbox 424 1331 526 1385; x_wconf 87' lang='lat' dir='ltr'><strong>Nonius</strong></span> <span class='ocrx_word' id='word_1_104' title='bbox 543 1331 680 1400; x_wconf 78' lang='lat' dir='ltr'><strong>Receptus,</strong></span> <span class='ocrx_word' id='word_1_105' title='bbox 702 1331 828 1385; x_wconf 87' lang='lat' dir='ltr'><strong>Donatius</strong></span> 
     </span>
     <span class='ocr_line' id='line_1_17' title="bbox 63 1403 826 1476; baseline -0.001 -19"><span class='ocrx_word' id='word_1_106' title='bbox 63 1404 137 1469; x_wconf 86' lang='lat' dir='ltr'><strong>leus,</strong></span> <span class='ocrx_word' id='word_1_107' title='bbox 160 1404 292 1458; x_wconf 83' lang='lat' dir='ltr'><strong>Romilius</strong></span> <span class='ocrx_word' id='word_1_108' title='bbox 305 1403 455 1469; x_wconf 87' lang='lat' dir='ltr'><strong>lllarcellus,</strong></span> <span class='ocrx_word' id='word_1_109' title='bbox 476 1404 637 1476; x_wconf 83' lang='lat' dir='ltr'><strong>Calpurnius</strong></span> <span class='ocrx_word' id='word_1_110' title='bbox 654 1406 826 1474; x_wconf 85' lang='lat' dir='ltr'><strong>Repentinus,</strong></span> 
     </span>
     <span class='ocr_line' id='line_1_18' title="bbox 64 1477 828 1552; baseline 0 -19"><span class='ocrx_word' id='word_1_111' title='bbox 64 1498 90 1533; x_wconf 90' lang='lat' dir='ltr'><strong>m</strong></span> <span class='ocrx_word' id='word_1_112' title='bbox 105 1488 274 1551; x_wconf 80' lang='lat' dir='ltr'><strong>protegerent</strong></span> <span class='ocrx_word' id='word_1_113' title='bbox 288 1477 387 1533; x_wconf 87' lang='lat' dir='ltr'><strong>Galbae</strong></span> <span class='ocrx_word' id='word_1_114' title='bbox 401 1480 541 1552; x_wconf 74' lang='lat' dir='ltr'><strong>imagines,</strong></span> <span class='ocrx_word' id='word_1_115' title='bbox 552 1481 644 1549; x_wconf 87' lang='lat' dir='ltr'><strong>inpetu</strong></span> <span class='ocrx_word' id='word_1_116' title='bbox 655 1478 771 1533; x_wconf 89' lang='lat' dir='ltr'><strong>militum</strong></span> <span class='ocrx_word' id='word_1_117' title='bbox 781 1479 828 1533; x_wconf 94' lang='lat' dir='ltr'><strong>ab·</strong></span> 
     </span>
     <span class='ocr_line' id='line_1_19' title="bbox 63 1553 828 1626; baseline -0.001 -17"><span class='ocrx_word' id='word_1_118' title='bbox 63 1557 95 1625; x_wconf 87' lang='lat' dir='ltr'><strong>pti</strong></span> <span class='ocrx_word' id='word_1_119' title='bbox 106 1556 255 1625; x_wconf 86' lang='lat' dir='ltr'><strong>vinctique.</strong></span> <span class='ocrx_word' id='word_1_120' title='bbox 289 1554 344 1608; x_wconf 92' lang='lat' dir='ltr'><strong>Nec</strong></span> <span class='ocrx_word' id='word_1_121' title='bbox 353 1555 479 1626; x_wconf 89' lang='lat' dir='ltr'><strong>cuiquam</strong></span> <span class='ocrx_word' id='word_1_122' title='bbox 493 1553 560 1608; x_wconf 90' lang='lat' dir='ltr'><strong>ultra</strong></span> <span class='ocrx_word' id='word_1_123' title='bbox 571 1554 636 1608; x_wconf 89' lang='lat' dir='ltr'><strong>lides</strong></span> <span class='ocrx_word' id='word_1_124' title='bbox 645 1564 690 1609; x_wconf 87' lang='lat' dir='ltr'><strong>aut</strong></span> <span class='ocrx_word' id='word_1_125' title='bbox 701 1556 828 1610; x_wconf 89' lang='lat' dir='ltr'><strong>memoria</strong></span> 
     </span>
     <span class='ocr_line' id='line_1_20' title="bbox 63 1629 826 1701; baseline 0.001 -17"><span class='ocrx_word' id='word_1_126' title='bbox 63 1632 126 1685; x_wconf 88' lang='lat' dir='ltr'><strong>ioris</strong></span> <span class='ocrx_word' id='word_1_127' title='bbox 142 1629 313 1684; x_wconf 87' lang='lat' dir='ltr'><strong>sacramenti:</strong></span> <span class='ocrx_word' id='word_1_128' title='bbox 335 1629 391 1695; x_wconf 89' lang='lat' dir='ltr'><strong>sed,</strong></span> <span class='ocrx_word' id='word_1_129' title='bbox 408 1630 480 1701; x_wconf 89' lang='lat' dir='ltr'><strong>quod</strong></span> <span class='ocrx_word' id='word_1_130' title='bbox 495 1631 522 1684; x_wconf 91' lang='lat' dir='ltr'><strong>in</strong></span> <span class='ocrx_word' id='word_1_131' title='bbox 538 1629 713 1685; x_wconf 85' lang='lat' dir='ltr'><strong>seditionibus</strong></span> <span class='ocrx_word' id='word_1_132' title='bbox 722 1629 826 1692; x_wconf 63' lang='lat' dir='ltr'><strong>assidit,</strong></span> 
     </span>
     <span class='ocr_line' id='line_1_21' title="bbox 63 1704 828 1776; baseline 0 -17"><span class='ocrx_word' id='word_1_133' title='bbox 63 1706 100 1760; x_wconf 84' lang='lat' dir='ltr'><strong>ule</strong></span> <span class='ocrx_word' id='word_1_134' title='bbox 110 1704 204 1776; x_wconf 89' lang='lat' dir='ltr'><strong>plures</strong></span> <span class='ocrx_word' id='word_1_135' title='bbox 214 1712 297 1768; x_wconf 88' lang='lat' dir='ltr'><strong>erant,</strong></span> <span class='ocrx_word' id='word_1_136' title='bbox 308 1721 401 1759; x_wconf 93' lang='lat' dir='ltr'><strong>omues</strong></span> <span class='ocrx_word' id='word_1_137' title='bbox 412 1705 493 1760; x_wconf 89' lang='lat' dir='ltr'><strong>luere.</strong></span> <span class='ocrx_word' id='word_1_138' title='bbox 533 1706 622 1769; x_wconf 81' lang='lat' dir='ltr'><strong>Nocte,</strong></span> <span class='ocrx_word' id='word_1_139' title='bbox 637 1723 707 1776; x_wconf 86' lang='lat' dir='ltr'><strong>quae</strong></span> <span class='ocrx_word' id='word_1_140' title='bbox 717 1705 774 1761; x_wconf 85' lang='lat' dir='ltr'><strong>llal.</strong></span> <span class='ocrx_word' id='word_1_141' title='bbox 787 1706 828 1759; x_wconf 90' lang='lat' dir='ltr'><strong>la-</strong></span> 
     </span>
     <span class='ocr_line' id='line_1_22' title="bbox 63 1779 827 1853; baseline 0.001 -19"><span class='ocrx_word' id='word_1_142' title='bbox 63 1782 138 1835; x_wconf 70' lang='lat' dir='ltr'><strong>rarius</strong></span> <span class='ocrx_word' id='word_1_143' title='bbox 149 1789 239 1835; x_wconf 88' lang='lat' dir='ltr'><strong>secuta</strong></span> <span class='ocrx_word' id='word_1_144' title='bbox 251 1786 300 1845; x_wconf 88' lang='lat' dir='ltr'><strong>est,</strong></span> <span class='ocrx_word' id='word_1_145' title='bbox 315 1780 344 1834; x_wconf 91' lang='lat' dir='ltr'><strong>in</strong></span> <span class='ocrx_word' id='word_1_146' title='bbox 357 1779 486 1835; x_wconf 90' lang='lat' dir='ltr'><strong>coloniam</strong></span> <span class='ocrx_word' id='word_1_147' title='bbox 496 1779 718 1853; x_wconf 77' lang='lat' dir='ltr'><strong>Agrippinensem</strong></span> <span class='ocrx_word' id='word_1_148' title='bbox 729 1782 827 1853; x_wconf 84' lang='lat' dir='ltr'><strong>aquili-</strong></span> 
     </span>
     <span class='ocr_line' id='line_1_23' title="bbox 63 1854 825 1929; baseline -0.003 -18"><span class='ocrx_word' id='word_1_149' title='bbox 63 1875 68 1889; x_wconf 85' lang='lat'><strong>·</strong></span> <span class='ocrx_word' id='word_1_150' title='bbox 81 1864 194 1929; x_wconf 87' lang='lat' dir='ltr'><strong>quartae</strong></span> <span class='ocrx_word' id='word_1_151' title='bbox 211 1855 321 1928; x_wconf 87' lang='lat' dir='ltr'><strong>legionis</strong></span> <span class='ocrx_word' id='word_1_152' title='bbox 336 1854 454 1925; x_wconf 83' lang='lat' dir='ltr'><strong>epulanti</strong></span> <span class='ocrx_word' id='word_1_153' title='bbox 467 1855 570 1911; x_wconf 87' lang='lat' dir='ltr'><strong>Vitellio</strong></span> <span class='ocrx_word' id='word_1_154' title='bbox 580 1857 693 1921; x_wconf 87' lang='lat' dir='ltr'><strong>nuntiat,</strong></span> <span class='ocrx_word' id='word_1_155' title='bbox 704 1866 825 1928; x_wconf 81' lang='lat' dir='ltr'><strong>quartam</strong></span> 
     </span>
     <span class='ocr_line' id='line_1_24' title="bbox 64 1928 828 2005; baseline 0 -20"><span class='ocrx_word' id='word_1_156' title='bbox 64 1931 309 1987; x_wconf 84' lang='lat' dir='ltr'><strong>duodevicesimam</strong></span> <span class='ocrx_word' id='word_1_157' title='bbox 319 1928 445 2003; x_wconf 82' lang='lat' dir='ltr'><strong>legiones,</strong></span> <span class='ocrx_word' id='word_1_158' title='bbox 460 1931 583 2000; x_wconf 85' lang='lat' dir='ltr'><strong>proiectis</strong></span> <span class='ocrx_word' id='word_1_159' title='bbox 593 1930 692 1986; x_wconf 87' lang='lat' dir='ltr'><strong>Galbae</strong></span> <span class='ocrx_word' id='word_1_160' title='bbox 702 1933 828 2005; x_wconf 85' lang='lat' dir='ltr'><strong>imagini-</strong></span> 
     </span>
     <span class='ocr_line' id='line_1_25' title="bbox 65 2004 827 2076; baseline -0.001 -15"><span class='ocrx_word' id='word_1_161' title='bbox 65 2025 89 2071; x_wconf 85' lang='lat' dir='ltr'><strong>s,</strong></span> <span class='ocrx_word' id='word_1_162' title='bbox 111 2007 141 2061; x_wconf 92' lang='lat' dir='ltr'><strong>in</strong></span> <span class='ocrx_word' id='word_1_163' title='bbox 156 2015 265 2061; x_wconf 88' lang='lat' dir='ltr'><strong>senatus</strong></span> <span class='ocrx_word' id='word_1_164' title='bbox 278 2012 303 2059; x_wconf 87' lang='lat' dir='ltr'><strong>et</strong></span> <span class='ocrx_word' id='word_1_165' title='bbox 314 2004 406 2076; x_wconf 91' lang='lat' dir='ltr'><strong>populi</strong></span> <span class='ocrx_word' id='word_1_166' title='bbox 416 2005 492 2061; x_wconf 90' lang='lat' dir='ltr'><strong>Rom.</strong></span> <span class='ocrx_word' id='word_1_167' title='bbox 504 2006 584 2060; x_wconf 83' lang='lat' dir='ltr'><strong>verba</strong></span> <span class='ocrx_word' id='word_1_168' title='bbox 594 2007 705 2062; x_wconf 88' lang='lat' dir='ltr'><strong>iurasse.</strong></span> <span class='ocrx_word' id='word_1_169' title='bbox 746 2008 774 2061; x_wconf 89' lang='lat' dir='ltr'><strong>ld</strong></span> <span class='ocrx_word' id='word_1_170' title='bbox 783 2024 827 2060; x_wconf 89' lang='lat' dir='ltr'><strong>sa·</strong></span> 
     </span>
     <span class='ocr_line' id='line_1_26' title="bbox 63 2079 826 2151; baseline -0.003 -15"><span class='ocrx_word' id='word_1_171' title='bbox 63 2090 196 2136; x_wconf 72' lang='lat' dir='ltr'><strong>amentum</strong></span> <span class='ocrx_word' id='word_1_172' title='bbox 206 2082 286 2137; x_wconf 92' lang='lat' dir='ltr'><strong>inane</strong></span> <span class='ocrx_word' id='word_1_173' title='bbox 296 2082 394 2136; x_wconf 88' lang='lat' dir='ltr'><strong>visum.</strong></span> <span class='ocrx_word' id='word_1_174' title='bbox 408 2079 538 2151; x_wconf 90' lang='lat' dir='ltr'><strong>Occupari</strong></span> <span class='ocrx_word' id='word_1_175' title='bbox 549 2090 684 2136; x_wconf 89' lang='lat' dir='ltr'><strong>nutantem</strong></span> <span class='ocrx_word' id='word_1_176' title='bbox 695 2082 826 2137; x_wconf 78' lang='lat' dir='ltr'><strong>fortunam</strong></span> 
     </span>
     <span class='ocr_line' id='line_1_27' title="bbox 64 2155 828 2228; baseline -0.004 -17"><span class='ocrx_word' id='word_1_177' title='bbox 64 2157 153 2212; x_wconf 86' lang='lat' dir='ltr'><strong>ollerri</strong></span> <span class='ocrx_word' id='word_1_178' title='bbox 165 2158 313 2228; x_wconf 80' lang='lat' dir='ltr'><strong>principem</strong></span> <span class='ocrx_word' id='word_1_179' title='bbox 323 2155 432 2227; x_wconf 90' lang='lat' dir='ltr'><strong>placuit.</strong></span> <span class='ocrx_word' id='word_1_180' title='bbox 472 2157 546 2211; x_wconf 86' lang='lat' dir='ltr'><strong>Missi</strong></span> <span class='ocrx_word' id='word_1_181' title='bbox 561 2175 576 2210; x_wconf 90' lang='lat' dir='ltr'><strong>a</strong></span> <span class='ocrx_word' id='word_1_182' title='bbox 587 2156 693 2212; x_wconf 88' lang='lat' dir='ltr'><strong>Vitellio</strong></span> <span class='ocrx_word' id='word_1_183' title='bbox 703 2157 736 2211; x_wconf 89' lang='lat' dir='ltr'><strong>ad</strong></span> <span class='ocrx_word' id='word_1_184' title='bbox 745 2156 828 2228; x_wconf 82' lang='lat' dir='ltr'><strong>legie-</strong></span> 
     </span>
     <span class='ocr_line' id='line_1_28' title="bbox 63 2231 826 2306; baseline -0.007 -19"><span class='ocrx_word' id='word_1_185' title='bbox 63 2252 75 2287; x_wconf 87' lang='lat' dir='ltr'><strong>s</strong></span> <span class='ocrx_word' id='word_1_186' title='bbox 90 2232 255 2306; x_wconf 88' lang='lat' dir='ltr'><strong>legatosque,</strong></span> <span class='ocrx_word' id='word_1_187' title='bbox 270 2231 318 2301; x_wconf 87' lang='lat' dir='ltr'><strong>qui</strong></span> <span class='ocrx_word' id='word_1_188' title='bbox 331 2231 476 2287; x_wconf 84' lang='lat' dir='ltr'><strong>desciuisse</strong></span> <span class='ocrx_word' id='word_1_189' title='bbox 488 2249 503 2285; x_wconf 91' lang='lat' dir='ltr'><strong>a</strong></span> <span class='ocrx_word' id='word_1_190' title='bbox 513 2231 596 2287; x_wconf 88' lang='lat' dir='ltr'><strong>Galba</strong></span> <span class='ocrx_word' id='word_1_191' title='bbox 606 2233 769 2302; x_wconf 89' lang='lat' dir='ltr'><strong>superiorem</strong></span> <span class='ocrx_word' id='word_1_192' title='bbox 780 2246 826 2283; x_wconf 84' lang='lat' dir='ltr'><strong>ex-</strong></span> 
     </span>
     <span class='ocr_line' id='line_1_29' title="bbox 63 2304 826 2376; baseline -0.007 -14"><span class='ocrx_word' id='word_1_193' title='bbox 63 2309 141 2363; x_wconf 65' lang='lat' dir='ltr'><strong>citum</strong></span> <span class='ocrx_word' id='word_1_194' title='bbox 157 2307 326 2362; x_wconf 86' lang='lat' dir='ltr'><strong>nunciarent:</strong></span> <span class='ocrx_word' id='word_1_195' title='bbox 347 2305 457 2376; x_wconf 90' lang='lat' dir='ltr'><strong>proinde</strong></span> <span class='ocrx_word' id='word_1_196' title='bbox 472 2316 518 2360; x_wconf 92' lang='lat' dir='ltr'><strong>aut</strong></span> <span class='ocrx_word' id='word_1_197' title='bbox 530 2306 683 2360; x_wconf 89' lang='lat' dir='ltr'><strong>bellandum</strong></span> <span class='ocrx_word' id='word_1_198' title='bbox 698 2304 826 2359; x_wconf 87' lang='lat' dir='ltr'><strong>adversus</strong></span> 
     </span>
     <span class='ocr_line' id='line_1_30' title="bbox 63 2379 824 2452; baseline -0.007 -15"><span class='ocrx_word' id='word_1_199' title='bbox 63 2385 277 2446; x_wconf 64' lang='lat' dir='ltr'><strong>miscentesaut,</strong></span> <span class='ocrx_word' id='word_1_200' title='bbox 284 2380 307 2434; x_wconf 87' lang='lat' dir='ltr'><strong>si</strong></span> <span class='ocrx_word' id='word_1_201' title='bbox 317 2383 453 2435; x_wconf 90' lang='lat' dir='ltr'><strong>eoncordia</strong></span> <span class='ocrx_word' id='word_1_202' title='bbox 463 2389 488 2436; x_wconf 91' lang='lat' dir='ltr'><strong>et</strong></span> <span class='ocrx_word' id='word_1_203' title='bbox 498 2398 550 2452; x_wconf 85' lang='lat' dir='ltr'><strong>pax</strong></span> <span class='ocrx_word' id='word_1_204' title='bbox 559 2380 669 2452; x_wconf 90' lang='lat' dir='ltr'><strong>placeat,</strong></span> <span class='ocrx_word' id='word_1_205' title='bbox 677 2379 824 2433; x_wconf 86' lang='lat' dir='ltr'><strong>laciendum</strong></span> 
     </span>
     <span class='ocr_line' id='line_1_31' title="bbox 66 2454 828 2529; baseline -0.005 -18"><span class='ocrx_word' id='word_1_206' title='bbox 66 2466 229 2529; x_wconf 79' lang='lat' dir='ltr'><strong>perstarem:</strong></span> <span class='ocrx_word' id='word_1_207' title='bbox 261 2462 287 2509; x_wconf 88' lang='lat' dir='ltr'><strong>et</strong></span> <span class='ocrx_word' id='word_1_208' title='bbox 300 2457 401 2510; x_wconf 90' lang='lat' dir='ltr'><strong>minore</strong></span> <span class='ocrx_word' id='word_1_209' title='bbox 414 2456 569 2511; x_wconf 89' lang='lat' dir='ltr'><strong>discrimine</strong></span> <span class='ocrx_word' id='word_1_210' title='bbox 583 2456 656 2508; x_wconf 91' lang='lat' dir='ltr'><strong>sumi</strong></span> <span class='ocrx_word' id='word_1_211' title='bbox 667 2454 828 2525; x_wconf 78' lang='lat' dir='ltr'><strong>principem,</strong></span> 
     </span>
     <span class='ocr_line' id='line_1_32' title="bbox 65 2531 221 2602; baseline 0 -16"><span class='ocrx_word' id='word_1_212' title='bbox 65 2551 109 2587; x_wconf 91' lang='lat' dir='ltr'><strong>am</strong></span> <span class='ocrx_word' id='word_1_213' title='bbox 118 2531 221 2602; x_wconf 86' lang='lat' dir='ltr'><strong>quaeri.</strong></span> 
     </span>
    </p>

    <p class='ocr_par' dir='ltr' id='par_1_4' title="bbox 63 2606 886 2768">
     <span class='ocr_line' id='line_1_33' title="bbox 71 2606 875 2690; baseline 0 -32"><span class='ocrx_word' id='word_1_214' title='bbox 71 2606 262 2689; x_wconf 33' lang='lat' dir='ltr'><strong>5Z¹Proxima</strong></span> <span class='ocrx_word' id='word_1_215' title='bbox 285 2607 406 2687; x_wconf 84' lang='lat' dir='ltr'><strong>legionis</strong></span> <span class='ocrx_word' id='word_1_216' title='bbox 429 2616 543 2690; x_wconf 87' lang='lat' dir='ltr'><strong>primae</strong></span> <span class='ocrx_word' id='word_1_217' title='bbox 572 2610 698 2671; x_wconf 75' lang='lat' dir='ltr'><strong>biberim</strong></span> <span class='ocrx_word' id='word_1_218' title='bbox 724 2610 825 2668; x_wconf 72' lang='lat' dir='ltr'><strong>erant,</strong></span> <span class='ocrx_word' id='word_1_219' title='bbox 841 2607 875 2653; x_wconf 54' lang='lat' dir='ltr'><strong>e&amp;</strong></span> 
     </span>
     <span class='ocr_line' id='line_1_34' title="bbox 63 2681 886 2768; baseline 0.009 -22"><span class='ocrx_word' id='word_1_220' title='bbox 63 2681 231 2747; x_wconf 62' lang='lat' dir='ltr'><strong>“Plffll&#39;ffltts</strong></span> <span class='ocrx_word' id='word_1_221' title='bbox 244 2702 259 2741; x_wconf 79' lang='grc' dir='ltr'><strong><em>θ</em></strong></span> <span class='ocrx_word' id='word_1_222' title='bbox 273 2684 379 2768; x_wconf 80' lang='lat' dir='ltr'><strong>legatis</strong></span> <span class='ocrx_word' id='word_1_223' title='bbox 394 2692 649 2758; x_wconf 71' lang='lat' dir='ltr'><strong>Fabiusvuens.</strong></span> <span class='ocrx_word' id='word_1_224' title='bbox 684 2688 724 2746; x_wconf 62' lang='lat' dir='ltr'>h</span> <span class='ocrx_word' id='word_1_225' title='bbox 734 2683 886 2753; x_wconf 51' lang='lat' dir='ltr'><strong>Rxffiffi</strong></span> 
     </span>
    </p>
   </div>
   <div class='ocr_carea' id='block_1_3' title="bbox 0 0 980 3016">
    <p class='ocr_par' dir='ltr' id='par_1_5' title="bbox 0 0 980 3016">
     <span class='ocr_line' id='line_1_35' title="bbox 0 0 980 3016; baseline 0 0"><span class='ocrx_word' id='word_1_226' title='bbox 0 0 980 3016; x_wconf 95' lang='lat' dir='ltr'><strong> </strong></span> 
     </span>
    </p>
   </div>
  </div>
 </body>
</html>
