1950 3016
132 200 179 252 tot
369 200 702 248 aaaronranuar
792 188 928 265 (snam

130 322 181 369 ras,
199 303 335 375 facesque:
356 306 483 373 quidquid
495 311 533 356 tot
543 304 652 370 proeliis
665 303 764 354 loboris
775 316 809 355 oc
816 304 931 369 periodi

129 383 282 442 mustacem,
296 395 372 447 epora
381 382 427 432 tito
437 380 617 440 consummari,
628 375 803 430 clamitantes.
838 377 931 430 Urbem

128 456 377 522 aeuatuiocpopulo
386 454 752 520 llom.,templodiisraddito.
791 451 930 519 l‘ropriam

128 546 182 583 oasa
190 532 282 582 militia
290 533 368 582 decas
377 532 406 581 s‘n
415 532 516 581 caetris.
554 527 838 593 nimmia-familiae
848 527 931 580 Perio-

129 613 173 657 tea.
212 604 249 658 Ni
262 608 351 656 atatim
364 607 533 670 recipiuntur,
548 609 646 654 acaum
656 605 687 654 in
700 606 785 654 amnia
793 604 928 669 eamdam.

129 677 374 741 ContraVitelliani,
383 692 550 748 quamquam
559 692 671 730 numero
681 672 927 747 fatoquedispares,

129 754 278 824 inquietare
296 752 444 815 victoriam,
464 748 561 804 morari
579 766 682 820 pacem,
701 749 796 804 domos
814 766 928 821 arasque

129 844 223 882 cruore
234 826 346 890 foedare,
361 842 486 897 suprema
496 825 574 878 victis
586 823 679 878 solatia
690 823 926 894 amplectebantur.

129 901 206 957 Multi
222 901 404 964 semianimes,
418 916 499 971 super
512 909 598 953 turres
608 906 636 951 et
643 898 845 970 propugnacula
856 916 929 953 moe-

130 977 206 1029 nium
221 975 398 1044 exspiravere.
438 973 580 1029 convulsis
594 973 686 1044 portis,
698 973 821 1044 reliquus
830 973 929 1046 globus

128 1048 433 1103 obtulitsavictoribus:
454 1056 480 1101 et
489 1048 605 1102 cecidere
614 1065 708 1102 omnes
717 1049 858 1102 contrariis
867 1047 929 1102 vul-

130 1122 248 1187 neribus,
261 1124 331 1177 versi
342 1122 370 1176 in
380 1123 492 1176 hostem.
532 1122 570 1175 Ea
585 1140 648 1177 cura
657 1124 737 1176 etiam
751 1122 928 1177 morientibus

128 1197 215 1251 decori
230 1197 318 1251 exitus
332 1196 391 1252 fuit.
431 1195 563 1261 Vitellius,
575 1205 649 1267 capta
660 1197 736 1262 urbe,
748 1214 797 1268 per
805 1214 928 1251 aversam

128 1272 216 1343 palatii
230 1280 342 1343 partem,
356 1272 529 1336 Aventinum,
544 1272 574 1325 in
587 1272 697 1327 domum
711 1272 814 1337 uxoris,
830 1271 927 1327 sellula

126 1347 258 1402 defertur:
280 1355 319 1412 ut,
333 1347 438 1402 sidiam
449 1346 547 1401 latebra
558 1347 702 1411 vitavisset,
714 1347 884 1402 Tarracinam
894 1347 929 1402 ad

128 1423 247 1477 cohortes
258 1421 418 1494 fratremque
427 1421 585 1494 perfugeret.
620 1422 685 1475 Dein
696 1421 842 1476 mobilitate
851 1424 929 1496 inge-

128 1499 177 1561 nii,
197 1504 224 1551 et
237 1514 307 1568 quae
319 1506 413 1551 natura
428 1498 533 1567 pavoris
548 1503 597 1562 est,
617 1514 680 1550 cum
694 1497 784 1551 omnia
797 1498 928 1552 metuenti

128 1573 274 1642 preaesentia
289 1573 406 1625 maxime
418 1571 601 1642 displicerent,
622 1571 650 1624 in
663 1569 794 1641 palatium
808 1572 929 1645 regredi·

127 1654 181 1708 tur,
194 1652 300 1699 vastum
316 1645 517 1716 desertumque:
539 1645 651 1715 dilapsis
665 1647 744 1699 etiam
758 1646 861 1701 infimis
870 1664 928 1701 ser-

129 1720 264 1781 vitiorum,
276 1727 322 1772 aut
331 1736 471 1773 occursum
481 1720 539 1773 eius
549 1718 754 1775 declinantibus.
783 1721 928 1777 Tametso·

129 1792 211 1846 litudo
221 1800 246 1846 et
256 1799 369 1847 tacentes
380 1793 443 1848 loci:
465 1801 546 1848 tentat
555 1794 660 1849 clausa:
676 1795 835 1850 inhorrescit
844 1814 928 1852 vacu-

127 1867 165 1933 is;
187 1863 329 1939 fessusque
343 1869 440 1922 misero
453 1885 549 1934 errore,
565 1877 591 1923 et
599 1869 723 1940 pudenda
733 1868 832 1925 latebra
842 1878 928 1927 semet

126 1939 271 2005 occultans,
288 1942 322 1996 ab
332 1941 399 1998 lulio
411 1942 526 2008 Placido,
538 1944 644 1998 tribuno
654 1945 778 2010 cohortis,
794 1947 927 2016 protrahi-

127 2023 178 2071 tur.
219 2016 326 2071 Vinctae
340 2034 409 2089 pona
423 2026 527 2091 tergum
537 2036 648 2074 manus:
670 2019 765 2074 laniata
775 2029 859 2085 vesta,
872 2021 926 2077 foe-

125 2090 190 2145 dum
211 2092 402 2163 spectaculum,
423 2092 578 2158 ducebatur,
601 2092 694 2148 multis
712 2095 924 2166 increpantibus,

127 2165 201 2220 nullo
214 2165 406 2222 inlacrimante.
446 2167 601 2222 Deformitas
614 2169 702 2223 exitus
714 2170 924 2225 misericordiam

126 2241 277 2296 abstulerat.
315 2241 419 2296 Obvius
430 2258 444 2295 e
455 2242 621 2297 Germanicis
632 2243 774 2309 militibus,
786 2245 925 2301 Vitellium

125 2316 221 2370 infesto
235 2317 298 2380 ictu,
315 2334 362 2387 per
377 2318 454 2382 iram,
471 2317 511 2370 vel
527 2334 582 2389 quo
594 2320 726 2373 maturius
741 2317 859 2376 ludibrio
867 2322 926 2376 exi-

127 2399 217 2454 meret,
228 2408 262 2446 an
277 2392 416 2446 tribunum
429 2393 576 2462 appetierit,
587 2394 616 2447 in
626 2393 725 2448 incerto
735 2392 801 2450 fuit:
832 2413 924 2451 ararem

127 2465 227 2519 tribuni
238 2467 395 2537 amputavit,
406 2468 535 2521 aestatim
545 2467 684 2523 confossus
696 2476 745 2523 ast.

180 2542 221 2594 85.
244 2540 390 2608 Vitellium,
404 2541 509 2598 infestis
519 2543 693 2597 mucronibus
702 2552 833 2610 coactum,
845 2545 924 2601 modo

110 2615 216 2687 erigere
229 2634 263 2673 os
273 2626 299 2674 et
308 2618 407 2676 offerre
417 2616 605 2682 contumeliis,
616 2634 694 2672 nuno
701 2617 934 2670 ascantensium

93 2703 175 2757 suas,
184 2692 368 2774 plerumque
384 2700 499 2765 Rostra,
516 2703 565 2751 aut
573 2692 684 2751 Galbae
696 2686 954 2744 cmxixlsmww
