1950 3016
131 179 181 232 ato
299 185 327 231 o.
348 183 569 231 οοιιιιιιιιιιι
589 168 767 232 ιιοιιιιι·

131 291 192 338 ante
200 284 284 338 aciem
292 292 381 358 agant,
391 285 564 340 admiratione
573 292 708 356 praesunt.
747 283 928 342 Coterumue·

130 375 184 430 que
194 359 402 415 animadvertere
411 377 499 432 noque
509 360 925 433 vinciremeverberarequidem,

131 434 184 487 nisi
199 435 389 501 saoerdotibus
405 436 583 507 permissum:
604 453 657 491 non
672 435 751 507 quasi
766 435 795 490 in
805 452 926 507 monam,

131 525 180 562 neo
193 508 287 563 duom
279 529 367 575 1ussu
378 511 425 565 sed
435 509 508 566 velut
516 510 582 565 deo
574 518 731 581 amperaute
743 510 928 582 quemadeese

130 582 292 640 bellantibus
311 553 431 640 oreriunt.
470 584 635 713 Eifieiesque
653 595 679 639 et
692 585 715 639 si
754 601 770 639 ι
785 585 926 657 quaedam,

130 656 242 712 detracta
253 659 351 724 iucrs
344 678 372 714 m
382 627 541 731 proelium
535 667 621 714 eruut.
649 657 690 726 Qu
726 676 781 731 ue
726 676 928 731 praecipu

130 750 178 787 um
194 734 355 789 fortitudinis
368 735 571 788 incitamentum
586 741 635 798 est,
652 752 704 789 non
714 751 794 789 oosus
818 733 928 789 ιιοοιοι-

130 809 195 862 tuito
206 809 369 882 oongiobatio
379 817 494 863 turmam
505 817 551 863 aut
560 825 676 863 cuneum
687 808 757 874 ιιοιι
773 809 822 864 sed
833 808 928 863 iamiii·

130 884 424 971 aenetpropinqnitates
464 884 514 938 Et
507 902 534 938 ιιι
544 900 665 955 proximo
675 900 796 957 pignora
810 882 927 939 undeie-

130 973 265 1010 manarum
277 957 395 1011 ululatus
404 957 501 1023 audrrr
514 959 586 1013 unde
594 960 700 1032 vagitus
709 957 866 1014 ruiantrum
896 956 927 1011 iii

130 1031 229 1100 ouique
242 1033 402 1085 sanctissimi
417 1040 506 1097 testes,
523 1032 551 1087 iri
566 1033 677 1087 maximr
670 1033 848 1088 Qtaudatoroe
888 1030 927 1087 nd

130 1112 237 1169 matres,
248 1104 281 1158 ad
290 1123 416 1179 oomuges
426 1106 537 1162 vulnera
547 1107 648 1162 ierunt
660 1107 927 1163 neciltaennnerero

129 1178 506 1253 autexigarepiagaspavent.
541 1181 927 1254 Cibosqueethortaminapu·

129 1254 242 1326 gnantib
241 1271 275 1308 us
284 1263 396 1328 gestant

185 1333 210 1383 8.
231 1330 373 1385 Memoriae
391 1330 524 1402 proditur,
547 1330 677 1402 quasdam
700 1330 770 1384 acies
788 1330 926 1386 inclinatas

130 1403 183 1458 iam
194 1412 220 1458 et
234 1403 351 1459 labantes
361 1424 375 1459 a
386 1405 493 1460 feminis
504 1407 647 1469 restitutas,
663 1406 808 1459 onustantia
819 1420 926 1477 preeunt

129 1486 155 1532 et
166 1479 270 1533 obiectu
284 1488 430 1550 pectorum,
445 1488 470 1534 et
480 1487 622 1534 monstrata
634 1481 757 1535 eominus
766 1482 924 1551 captivitato.

129 1569 211 1624 quam
233 1553 310 1628 longe
328 1556 501 1626 inpatientius
519 1553 679 1608 feminarum
692 1571 805 1610 suarum
820 1558 927 1611 nomine

129 1628 237 1683 timent:
259 1629 333 1694 adeo,
341 1638 371 1683 ut
381 1629 514 1683 eisroaoiu
524 1628 675 1702 obligentur
683 1629 766 1683 animi
776 1631 924 1694 civitatum,

129 1702 231 1772 quibus
245 1704 313 1757 inter
327 1704 433 1759 obsides
448 1703 552 1774 puellae
562 1721 671 1775 quoqne
680 1703 783 1758 nobiles
792 1705 926 1776 imperen-

128 1781 181 1829 tur.
221 1777 311 1830 Inesse
324 1779 391 1848 quin
407 1780 486 1833 etiam
501 1787 623 1833 sanctum
633 1777 735 1850 aliquid
746 1786 772 1832 et
783 1779 926 1850 providum
951 1808 956 1815 ·

128 1856 236 1919 putant:
266 1866 315 1904 neo
333 1860 379 1906 aut
391 1852 501 1907 consilia
516 1870 607 1907 earum
624 1860 808 1923 aspernantur,
831 1863 926 1908 autre·

128 1940 226 1994 sponsa
236 1923 383 1997 negligunt.
423 1927 557 1993 Vidimus,
568 1928 621 1981 sub
630 1927 693 1981 'divo
702 1928 868 1997 Vespasiano
877 1928 926 1983 Ve-

129 1998 215 2053 ledam
225 1999 272 2053 diu
283 2000 354 2069 apud
365 2000 506 2073 plerosque
516 2002 636 2056 numinis
646 2001 703 2056 looo
712 2001 841 2057 habitam.
876 1998 926 2057 Sed

128 2082 153 2128 et
167 2074 230 2127 oiim
241 2073 381 2129 Auriniam
392 2084 417 2130 et
426 2075 571 2148 compluris
580 2075 646 2130 alias
657 2076 774 2130 venerati
784 2084 858 2140 eunt,
875 2092 925 2131 nou

128 2149 286 2213 adulatione,
299 2167 347 2204 nec
357 2160 493 2222 tamquam
504 2150 618 2205 iaoorent
627 2150 699 2205 deas.

182 2227 207 2276 9.
230 2225 343 2278 Deorum
361 2226 478 2279 maxime
491 2226 654 2280 Mercurium
672 2224 771 2290 uolunt,
788 2226 834 2280 oui
849 2224 925 2281 oertis

127 2298 222 2352 diebus
234 2299 358 2352 humanis
367 2317 476 2371 quoque
487 2299 579 2354 hostiis
590 2298 664 2353 litare
674 2298 713 2353 ias
723 2299 831 2357 narrent.
862 2301 926 2354 Her-

127 2372 214 2426 culem
231 2390 260 2426 ac
275 2374 384 2427 Martem
394 2376 526 2428 oonoessis
536 2374 698 2428 animalibus
708 2374 823 2445 placant
863 2375 924 2429 Pars

127 2445 274 2501 Suevorum
285 2457 310 2502 ot
319 2449 382 2502 isidi
393 2449 530 2503 sacrificat
566 2448 645 2506 Unda
653 2466 747 2503 caussa
759 2458 784 2503 et
796 2450 872 2522 origo
880 2466 924 2521 pe-

125 2523 232 2594 regrino
254 2540 341 2588 sauro,
366 2540 461 2594 parum
485 2524 616 2593 comperi,
643 2524 696 2578 nisi
720 2524 793 2595 quod
815 2526 923 2598 signum

113 2596 223 2667 ipsum
236 2599 263 2654 in
277 2564 393 2656 metium
403 2598 696 2670 liburnaeiiguratum
702 2597 779 2649 uorat
781 2599 923 2659 annectam

105 2673 289 2748 religionem.
332 2675 504 2745 Ceterum,
501 2691 556 2732 neo
567 2668 858 2738 summarium
870 2669 946 2726 am
