1950 3016
88 176 139 231 2lll
301 178 370 224 un.
390 177 438 225 IV.
458 178 540 224 GAP.
559 175 679 222 10-01-
763 182 791 223 Δ.
802 184 828 222 u.
838 173 887 222 iil.

88 288 138 343 tes,
149 277 311 333 occubuere:
332 277 412 332 ceteri
419 272 801 347 retroinoastrnprolugiunt;
821 290 888 346 qoe-

88 362 162 408 rente
171 370 236 407 sane
244 352 331 408 Civile
342 361 368 406 et
380 355 532 424 increpante
546 351 704 413 Germanos,
715 359 848 417 tamquam
855 352 888 417 tl-

87 434 145 483 derra
156 446 206 496 per
218 432 303 482 scetus
315 432 504 496 abrumperent.
543 425 673 480 Simulata
686 441 718 478 ea
731 422 840 489 luerint,
853 440 888 478 an

88 504 202 557 retinere
211 504 359 558 saevientes
368 502 530 573 nequiverit,
540 518 637 572 parurn
647 499 814 554 adfirmatur.
843 498 889 553 ni-

88 580 171 650 reptis
185 580 289 642 metris,
305 576 374 632 laces
387 578 526 631 iniiciunt:
546 585 720 647 cunctosque,
730 575 780 646 qui
788 572 888 647 proelio

88 652 283 725 superfuerant,
295 652 449 707 incendium
458 651 558 706 hausit.

144 731 187 782 ot.
208 728 313 792 Civilis,
325 727 437 781 barbaro
446 734 515 787 voto,
525 729 685 796 postmeptr
696 721 828 777 adversus
835 723 888 778 lto·

89 819 184 859 manos
199 820 281 866 arma,
296 819 445 874 propexum
459 800 652 872 rutilatumque
661 797 774 862 crinem,
788 805 887 870 pacata

89 879 199 932 demum
209 877 288 930 caede
299 877 444 949 legionum,
460 876 592 946 deposuit.
630 874 665 927 Bt
674 872 816 938 ferebatur,
826 890 889 944 par·

89 950 153 1008 vulo
164 951 218 1004 lilio
227 951 357 1021 quosdam
368 955 543 1021 captivorum,
550 949 654 1022 sagittis
663 947 814 1020 iaculisque
820 964 888 1020 pue-

45 1022 48 1027 ’
88 1025 186 1081 rilibus
201 1024 329 1096 figendos,
344 1025 483 1080 obtulisse.
524 1025 647 1080 Ceterum
661 1039 750 1094 nequo
762 1038 889 1094 seneque

89 1116 254 1171 quemquam
264 1099 393 1154 Batavum
407 1101 435 1155 in
444 1100 525 1155 verba
536 1098 684 1156 Galliarum
699 1098 801 1170 adegit:
821 1097 889 1152 fisus

90 1175 285 1228 Germanorum
298 1174 410 1245 opibus:
432 1183 466 1238 et,
481 1176 505 1228 si
518 1173 672 1230 certandum
684 1172 815 1227 adversus
825 1170 890 1228 Gul-

89 1248 129 1304 los
139 1248 173 1303 de
182 1251 349 1320 possessione
358 1267 449 1304 rerum
460 1249 533 1316 foret,
548 1248 666 1322 inclytus
678 1246 748 1302 fama
758 1258 785 1302 et
792 1249 887 1319 potior.

89 1325 239 1380 Mummius
253 1325 400 1397 Lupercus,
417 1324 519 1398 legatus
532 1323 653 1398 legionis,
667 1324 736 1377 inter
744 1322 813 1378 dona
823 1324 890 1377 mis-

90 1417 138 1454 sus
149 1399 270 1454 Veledae.
308 1401 348 1454 Ea
358 1401 434 1473 virgo
443 1400 558 1454 nationis
568 1394 708 1453 Bructerae
719 1396 771 1452 late
780 1398 890 1470 imperi-

88 1474 175 1530 tabat:
196 1483 284 1529 vetere
297 1475 370 1546 apud
379 1476 525 1530 Germanos
539 1490 622 1538 more,
636 1490 691 1545 quo
700 1471 843 1546 plerasque
852 1472 891 1527 ie-

90 1551 227 1604 minarum
242 1547 371 1615 fatidicas,
387 1558 423 1615 et,
439 1557 597 1622 augescente
610 1548 807 1618 superstitione,
818 1547 891 1604 arbi-

90 1631 193 1678 trantur
212 1625 285 1679 deas.
325 1625 454 1698 Tuncque
470 1624 583 1679 Veledae
601 1623 742 1677 auctoritas
760 1622 889 1678 adolevit:

89 1715 153 1752 nam
162 1716 302 1767 prosperos
308 1699 445 1753 Gerrunio
453 1717 496 1754 res
504 1709 529 1752 et
538 1702 670 1753 excidium
680 1701 808 1766 hotonem
815 1714 892 1769 prae-

90 1772 202 1826 dixerat.
242 1771 294 1826 Sed
307 1774 445 1844 Lupercus
459 1775 487 1829 in
502 1774 597 1828 itinere
605 1771 769 1828 interfectus.
810 1772 892 1828 Pauci

91 1846 276 1900 centurionum
296 1847 530 1921 tribunorumque,
550 1850 578 1903 in
592 1847 679 1903 Gallia
691 1848 785 1976 geniti,
806 1865 893 1903 resen·

91 1928 197 1984 vantur,
213 1921 313 1994 pignus
325 1923 466 1978 societatis.
506 1923 671 1988 cohortium,
683 1940 697 1976 a
709 1940 797 1989 arum,
808 1922 892 1997 legio-

92 2012 158 2049 num
169 1995 279 2050 hiberna
291 1997 420 2052 subversa
430 2006 611 2070 crematoque:
622 1999 657 2053 iis
668 2006 771 2052 tantum
780 1997 891 2063 relictis,

91 2087 162 2143 quae
171 2070 328 2144 Mogontiaci
338 2090 369 2127 ac
380 2074 556 2129 Vindonissae
566 2075 616 2128 sita
626 2080 699 2128 sunt.

147 2149 189 2202 62.
210 2147 292 2221 Legio
301 2149 477 2204 sextadecima
487 2166 550 2204 cum
560 2148 670 2203 auxiliis
678 2146 761 2203 simul
770 2146 892 2202 deditisn

91 2221 206 2276 Novesio
224 2223 254 2276 in
272 2222 402 2278 coloniam
413 2224 587 2278 Treverorum
607 2222 754 2296 transgredi
773 2223 890 2289 iubetur,

91 2295 229 2368 praefinita
238 2297 292 2362 die,
308 2297 377 2353 intra
391 2315 474 2370 quam
484 2300 578 2353 castris
587 2297 732 2353 excederet.
772 2297 892 2353 Medium

92 2388 171 2425 omne
189 2380 296 2444 tempus
314 2390 363 2444 per
376 2377 464 2429 varias
483 2391 561 2428 curas
580 2390 671 2446 egere:
696 2372 892 2446 ignavissimus

92 2447 220 2517 quisque,
241 2464 377 2503 caesorum
399 2449 471 2520 apud
484 2449 576 2504 Vetera
596 2447 728 2518 exemplo,
748 2456 890 2519 paventem

93 2518 186 2575 melior
196 2538 258 2591 pars
266 2522 363 2576 rubore
371 2532 397 2576 et
406 2523 525 2578 infamia.
568 2524 651 2589 Quale
665 2527 731 2576 illud
744 2521 815 2576 iter?
834 2526 892 2592 qaia

84 2599 145 2649 duro
152 2594 236 2651 mue?
254 2606 279 2654 et
288 2603 379 2654 omnia
387 2603 418 2655 in
426 2602 539 2655 arbitrio
549 2614 648 2658 corum,
661 2614 725 2663 quos
731 2603 801 2649 nitus
808 2602 894 2650 nocie

72 2685 127 2745 qve
139 2677 267 2733 dominor
278 2682 421 2751 [causent.
461 2673 530 2742 altr,
542 2669 625 2729 nulla
634 2666 776 2722 dedecoris
781 2681 912 2730 curare*
