1950 3016
130 198 181 253 att
366 199 692 250 maronianum
792 193 924 268 (uuirt.
963 184 967 253 3

130 303 246 357 betasios
260 319 369 374 quoqne
379 321 410 357 ao
419 304 540 368 Nervios,
561 303 590 357 in
604 302 683 357 fidem
694 309 826 373 acceptos,
846 303 926 374 copiis

130 378 189 433 suis
198 377 334 432 adiunxit:
354 378 449 450 ingens
463 394 563 443 rerum,
579 376 711 448 perculsis
722 377 863 433 civitatum
871 378 927 432 ani·

130 455 193 516 mis,
204 452 246 507 rel
258 460 351 523 sponte
360 452 560 507 inclinantibus.

184 529 227 583 67.
248 528 348 582 Interea
363 527 448 582 lulius
462 527 587 591 Sabinus,
608 527 732 597 proiectis
752 526 866 583 foederis
878 527 928 581 llo-

130 604 204 658 meni
222 603 413 665 monumentis,
437 602 573 656 Gaesarem
591 618 622 655 se
635 600 743 656 salutari
758 601 847 656 iubet:
873 619 928 655 nie

130 695 267 751 gnamquo
280 686 306 731 et
317 677 478 733 inconditam
492 675 662 747 popularium
672 676 777 745 turbam
789 677 819 730 in
828 674 928 748 Sequa·

132 771 180 808 nos
189 754 267 824 rapit,
279 752 468 808 conterminam
478 752 610 805 civitatem
622 758 648 805 et
656 751 734 805 nobis
745 750 836 804 fidam.
876 751 929 804 Nec

130 826 248 898 Sequani
268 827 442 881 detrectavere
460 834 602 880 certamen.
641 825 757 880 Fortuna
773 824 928 879 melioribus

130 901 223 956 adluit.
264 902 329 955 Fusi
349 901 492 973 Lingones.
532 899 647 954 Sabinus
661 898 814 954 festinatum
832 907 929 953 temere

129 975 261 1046 proelium
271 977 327 1044 pari
339 975 480 1029 formidine
489 975 615 1029 deseruit.
648 973 737 1046 thue
744 973 845 1029 lamam
854 973 929 1029 exitii

130 1051 173 1104 sni
184 1048 288 1113 iaceret,
296 1048 397 1114 villam,
408 1051 436 1103 in
447 1066 529 1121 quom
540 1048 699 1121 perfugeret,
709 1050 853 1103 cremavit:
875 1048 929 1103 illic

130 1123 279 1178 voluntarie
292 1133 376 1179 morte
389 1126 522 1178 interiisse
535 1123 660 1178 creditus.
699 1122 761 1187 Sed,
774 1123 878 1194 quibus
887 1141 929 1177 ar-

128 1198 202 1253 tibus
212 1197 374 1269 latebrisque
383 1201 464 1253 vitam
475 1216 522 1269 per
533 1214 627 1253 novem
638 1215 700 1252 mox
710 1213 794 1252 annos
804 1198 928 1253 traduxe-

130 1275 174 1338 rit,
187 1272 269 1329 simul
280 1274 425 1328 amicorum
435 1275 494 1327 eius
504 1274 677 1328 constantiam
689 1280 714 1326 et
723 1273 831 1345 insigne
840 1273 928 1344 Eppo-

130 1349 210 1403 ninae
222 1348 313 1403 uxoris
325 1347 489 1419 exemplum,
506 1364 556 1402 suo
570 1346 626 1402 looo
635 1347 787 1401 reddemus.
828 1347 928 1419 Sequa-

130 1440 226 1478 norum
241 1439 365 1493 prospera
381 1423 437 1476 acie
451 1421 513 1475 belli
528 1424 634 1492 inpetus
645 1422 723 1475 stetit.
763 1421 928 1493 Resipisoere

130 1497 270 1569 paullatim
280 1498 409 1560 civitates,
427 1495 520 1566 fasque
530 1505 555 1550 et
564 1495 667 1550 loedere
677 1495 818 1566 respicere,
830 1497 928 1567 prinoi-

129 1573 212 1644 pibus
222 1572 326 1627 llemis:
347 1572 395 1641 qui
410 1587 458 1640 per
468 1569 567 1625 Gallias
577 1570 692 1634 edixere,
703 1579 733 1624 ut
741 1575 928 1640 mualalepntis
969 1619 971 1624 .

129 1652 158 1702 is
168 1663 299 1701 commune
309 1648 492 1708 consultarent,
506 1648 612 1699 libertos
620 1662 656 1699 on
663 1662 721 1712 pua
729 1648 853 1712 placeret.

184 1724 226 1775 68.
247 1719 282 1774 At
296 1719 395 1774 llorneo
406 1726 499 1773 cuneta
509 1720 537 1772 in
548 1719 664 1773 deterius
674 1719 763 1773 audita
773 1720 928 1774 Mucianum

129 1793 270 1864 angebant,
282 1811 324 1857 ne,
336 1810 501 1863 quemquam
512 1794 611 1866 egregii
621 1793 703 1848 duces
712 1794 776 1865 (iarn
786 1795 859 1849 enim
866 1793 929 1849 Gal·

130 1865 187 1920 lnm
197 1866 317 1920 Annium
330 1874 356 1919 et
366 1866 489 1922 Petilium
500 1867 630 1923 Cerialem
642 1867 928 1940 delegerat)sumnram

129 1939 298 2012 belliparum
309 1940 457 1996 tolerarent.
494 1943 549 1996 Nec
558 1942 732 2014 relinquenda
743 1943 809 1997 urbs
818 1943 929 1998 sinere-

129 2023 208 2071 etone.
248 2016 281 2070 Et
293 2016 436 2071 Domitiani
454 2017 598 2071 indomitae
612 2017 737 2071 libidines
751 2017 927 2073 timebantur:

55 2128 58 2133 <
129 2092 271 2162 suspectis,
287 2092 326 2145 nti
340 2090 469 2155 diximus,
486 2092 575 2146 Primo
584 2092 698 2146 Antonio
707 2092 831 2163 Varoque
839 2093 927 2147 Arrio.
971 2122 973 2165 ;

128 2166 225 2231 Verus,
242 2167 414 2236 praetorianis
428 2167 604 2236 praepositus,
619 2167 674 2221 vim
690 2174 852 2237 atquenrme
866 2167 929 2221 reti-

129 2242 217 2296 nebat.
256 2241 326 2295 Eum
347 2241 487 2295 Mucianus
507 2240 617 2311 pulsum
633 2239 698 2304 loco,
720 2257 754 2295 ne
767 2241 928 2296 sinesolatio

129 2324 226 2388 ageret,
243 2332 363 2370 annonae
371 2315 505 2385 praefecit.
544 2315 632 2386 thue
641 2316 782 2370 Domitiani
793 2318 926 2381 animum,

129 2391 197 2445 Varo
208 2390 279 2445 barad
294 2390 422 2454 alienum,
438 2389 575 2453 deleniret,
586 2390 738 2444 Arretinum
752 2390 926 2454 Clementem,

128 2465 219 2519 domui
231 2465 386 2534 Vespasiani
400 2481 447 2534 per
461 2464 624 2518 adfinitatem
629 2467 762 2519 innexum
773 2466 929 2538 etgretissi·

125 2556 203 2593 nrum
218 2540 376 2605 Domitiano,
393 2540 565 2610 praetorianis
580 2541 741 2609 praeposuit,
756 2549 859 2606 petram
873 2546 929 2594 eius

111 2618 164 2668 aab
186 2615 254 2672 Caio
267 2616 383 2675 Caesare
404 2620 508 2690 eprepie
527 2619 647 2686 [tinctum
661 2632 694 2666 eo
705 2629 783 2670 euro,
795 2612 935 2662 dieamus:

99 2689 205 2748 declam
222 2698 362 2757 militibus
374 2702 452 2757 ideas
459 2710 571 2759 notato,
591 2690 783 2760 olquatpauro,
799 2694 957 2744 quaeamus
