1950 3016
55 165 179 240 dae.)
290 173 367 222 rma.
386 177 405 222 r.
427 177 515 227 car,
536 176 622 222 rna.
837 169 856 225 'l

55 275 155 350 pellere
175 274 356 347 nequiverint,
376 276 476 338 crimen
489 295 520 332 aa
533 276 624 335 dolum
639 277 709 337 ultro
722 279 857 351 composi-

56 358 130 408 tum:
152 358 178 407 et
187 349 300 409 Galbam
314 351 459 412 mobilitate
468 353 579 426 ingenii,
590 371 634 418 an,
646 371 680 409 ua
689 353 769 411 altius
779 373 856 409 seru-

55 435 166 492 taretur,
181 443 291 499 quoquo
306 426 385 482 modo
399 435 465 493 acta,
480 431 543 500 quia
554 432 651 485 mutari
662 446 715 485 non
725 439 854 501 poterant,

55 501 244 574 comprobasse
293 501 415 557 Ceterum
430 511 542 575 utraque
554 503 648 569 ‚caedes
661 505 769 559 sinistre
783 523 856 559 aoce-

55 587 116 651 pta:
137 585 164 635 et
172 578 263 633 inviso
270 576 353 633 semel
362 578 492 650 principe,
503 595 551 634 seu
562 579 639 643 bene,
652 596 700 633 sau
710 578 780 633 male
792 579 854 637 lacta

55 659 191 726 premunt
230 652 287 713 lam
297 650 447 708 adferebant
457 653 559 709 venalis
571 661 665 709 cuncta
675 664 855 725 praepotentes

56 728 161 787 liberti:
182 743 322 787 servorum
337 745 432 783 manua
445 728 542 785 subitis
556 729 658 792 avidae,
671 736 707 793 et,
720 738 853 800 tamquam

56 802 129 874 apud
139 819 242 867 senem,
254 800 420 859 festinantes:
440 803 587 875 eademque
598 820 680 861 novae
689 803 765 858 aulae
775 804 854 867 mala,

57 895 144 950 acque
157 878 260 951 gravia,
277 895 328 933 uon
340 895 425 950 aeque
434 886 567 935 excusata.
607 880 665 948 lpse
676 888 747 933 actae
758 878 856 932 Galbae

55 953 157 1011 inrisui
177 969 207 1009 ao
226 951 331 1008 fastidio
352 961 407 1009 erat
425 953 543 1007 adsuctis
557 954 679 1009 iuventae
693 954 815 1015 Neronis,
832 962 857 1008 et

56 1031 232 1101 imperatores
243 1026 324 1083 forma
333 1045 364 1090 ac
375 1028 467 1083 decore
477 1031 602 1099 corporis,
614 1037 644 1083 ut
653 1036 693 1083 est
701 1045 759 1083 moa
769 1028 854 1101 uulgi,

56 1103 284 1176 comparantibus.

98 1214 101 1219 -
113 1183 140 1235 8.
161 1178 195 1233 Et
204 1178 248 1232 hio
257 1177 367 1249 quidem
378 1178 483 1240 llomae,
500 1186 634 1248 tamquam
647 1178 674 1237 in
686 1184 754 1232 bota
764 1176 857 1233 multi-

57 1254 162 1318 tudiue,
178 1253 286 1311 habitus
300 1253 450 1313 animorum
462 1250 521 1309 luit.
560 1253 581 1307 E
596 1253 750 1324 provinciis,
762 1254 857 1324 Hispa-

56 1331 119 1385 niae
129 1336 247 1400 praeerat
257 1326 369 1384 Cluvius
380 1327 476 1392 liuius,
486 1330 527 1383 vir
537 1326 667 1382 facundus
676 1336 702 1382 et
711 1329 784 1399 pacis
793 1330 857 1383 arti-

56 1406 121 1469 bus,
133 1403 213 1461 bellis
221 1405 384 1474 inexpertus.
414 1403 524 1467 Galliae,
534 1420 615 1474 super
625 1405 779 1458 memoriam
792 1404 857 1457 Vin-

56 1481 136 1544 dicis,
159 1478 289 1551 obligatae
307 1479 402 1533 recenti
423 1479 492 1534 dono
506 1479 638 1533 Romanae
651 1479 775 1541 civitatis,
790 1479 856 1531 etin

57 1564 196 1628 posterum
207 1554 298 1608 tributi
311 1552 465 1608 levamento.
500 1553 637 1609 Proximaa
650 1559 737 1608 lumen
748 1552 858 1607 Germa-

58 1632 128 1687 nicis
138 1628 299 1684 exercitibus
308 1627 454 1685 Galliarum
465 1629 583 1682 civitates
594 1645 646 1683 non
657 1627 748 1682 eodem
760 1627 856 1683 honore

58 1705 176 1770 habitae,
192 1703 322 1776 quaedam
338 1704 415 1759 etiam
431 1703 530 1761 linibus
543 1703 683 1773 ademptis,
698 1704 755 1773 pari
768 1703 857 1759 dolore

57 1780 199 1838 commode
218 1778 303 1835 aliena
319 1795 351 1833 ac
364 1796 427 1833 suas
440 1780 551 1833 iniurias
567 1779 751 1833 metiebantur.
791 1778 857 1834 Ger-

59 1857 160 1913 manici
174 1857 315 1919 exercitus,
331 1854 403 1926 quod
418 1854 674 1925 periculosissimum
688 1854 715 1908 in
727 1855 805 1908 tantis
816 1854 857 1908 vi-

59 1933 147 1995 ribus,
168 1929 273 1985 solliciti
289 1937 314 1984 et
325 1929 395 1991 irati,
416 1929 539 1999 superbia
555 1931 666 1984 recentis
679 1929 811 1991 victoriae,
831 1938 856 1983 et

59 2017 144 2071 metu,
157 2014 293 2076 tamquam
304 2004 368 2060 alius
378 2013 465 2074 partes
477 2002 611 2059 fovissent.
637 2003 720 2059 Tarda
730 2022 745 2057 a
754 2005 856 2057 Nerone

58 2084 238 2146 desciverant;
260 2096 308 2135 neo
321 2080 410 2135 stetim
424 2096 471 2150 pro
485 2079 567 2135 Galba
584 2079 739 2152 Verginius:
761 2096 793 2133 en
806 2080 856 2131 im-

36 2200 44 2215 .
57 2173 153 2231 perere
163 2154 301 2217 voluisset,
313 2153 441 2220 dubium,
462 2153 578 2209 delatum
593 2155 640 2209 eia
654 2153 738 2208 milite
747 2153 857 2222 imperi-

59 2250 118 2294 um,
130 2229 311 2289 conveniebat.
330 2229 469 2287 Fonteium
479 2229 632 2300 Capitonem
642 2227 855 2290 occisum,etiarn

58 2307 108 2378 qui
128 2305 207 2379 queri
227 2321 280 2361 uon
295 2311 421 2375 poterant,
441 2311 528 2361 lamen
543 2303 757 2376 indignabantur.
797 2302 856 2355 Dux

58 2382 159 2444 deerat,
174 2378 288 2435 abducto
297 2379 430 2452 Verginio,
443 2397 491 2452 per
504 2380 701 2436 simulationem
711 2376 853 2431 amlcitiae:

58 2473 144 2529 quem
164 2471 218 2509 non
232 2455 340 2517 remitti,
362 2463 440 2526 atque
454 2456 698 2517 etiamreurnesse,
719 2460 855 2523 tamquam

58 2548 144 2589 suum
154 2530 254 2587 crimen
266 2529 436 2600 accipiebant.

115 2609 142 2663 9.
163 2603 290 2676 Superior
304 2605 435 2659 exercitus
449 2602 574 2676 legatum,
590 2600 767 2656 Hordeonium
782 2601 857 2656 Flac-

58 2698 135 2748 cum,
155 2679 305 2753 spernebat,
320 2687 423 2735 muccta
442 2695 473 2733 ao
492 2676 625 2733 debilitate
642 2676 747 2750 pedum
760 2675 864 2731 inuali-
