1950 3016
122 196 172 250 tot
361 198 685 245 rrrsuorunnuu
783 189 918 265 (comt.

123 305 186 356 boue
200 317 253 354 esse
267 303 353 354 arri-mo
364 299 448 364 iubet,
469 303 583 369 belloque
597 309 621 354 et
635 304 719 355 ermis
736 303 923 368 rempublicam

121 378 259 430 adtollere:
278 378 329 429 sibi
340 393 432 442 pacem
445 379 597 443 domumque
609 392 688 430 corae
696 381 760 445 [ore.
799 375 870 430 Tum
880 394 923 432 ee-

121 450 243 505 lerrimes
254 450 375 514 navium,
392 449 524 504 frumento
533 458 652 513 onustas,
666 467 746 504 saevo
755 449 845 505 adhuc
855 447 922 506 mari

117 526 271 596 committit.
310 524 416 596 Quippe
430 533 500 579 tanto
514 524 670 579 discrimine
682 525 746 579 urbs
761 526 881 590 nutabat,
892 536 923 581 ut

121 600 212 655 decem
227 600 299 654 haud
309 600 425 671 amplius
435 599 539 653 dierum
552 599 716 653 frumentum
727 601 755 654 in
766 600 870 656 horreis
879 600 923 656 fu-

122 677 180 741 erit,
192 692 254 730 cum
265 675 453 746 aVespasiano
463 682 625 729 commeatus
637 675 795 730 subvenere.

88 808 90 813 ,
176 754 218 805 53.
240 750 338 805 Curam
362 751 517 804 restituendi
537 749 659 820 Capitolii
679 751 707 803 in
728 750 759 804 L.
780 751 921 806 Vestinum

121 825 229 890 confert,
246 826 378 896 equestris
392 825 492 880 ordinis
503 827 602 888 virum,
618 824 665 878 sed
674 826 827 880 auctoritate
838 823 922 880 fama-

121 918 175 973 que
185 902 253 955 inter
262 916 392 969 proceres.
433 899 474 953 Ab
485 917 515 953 eo
523 901 647 954 contracti
658 899 814 969 haruspices
824 918 922 955 monu-

121 992 174 1039 ere,
195 983 225 1029 ut
240 973 368 1044 reliquiae
382 975 478 1044 prioris
488 974 593 1028 delubri
608 976 635 1028 in
651 973 762 1045 paludes
775 975 922 1030 eveheren-

120 1059 177 1104 tur:
200 1049 329 1118 templum
345 1048 440 1102 iisdem
451 1050 572 1121 vestigiis
585 1051 731 1103 sisteretur.
771 1048 849 1104 Nolle
857 1050 920 1106 deos

120 1125 218 1178 mutari
236 1131 348 1177 veterem
364 1122 486 1178 formam.
528 1124 671 1178 Undecimo
684 1124 743 1178 Kal.
757 1123 838 1180 iulias
848 1143 921 1180 sere-

120 1217 154 1253 na
170 1198 229 1252 luce
244 1199 361 1268 spatium
376 1215 464 1263 omne,
485 1199 558 1270 quod
566 1198 664 1269 templo
674 1198 820 1264 dicabatur,
843 1203 921 1256 evin·

120 1283 192 1328 ctum
210 1274 281 1329 vittis
295 1275 461 1345 coronisque.
502 1275 618 1346 Ingressi
631 1273 738 1339 milites,
760 1274 920 1346 quisfnusta

120 1351 238 1413 nomina,
252 1347 374 1403 felicibus
390 1349 481 1402 ramis.
522 1349 586 1402 Dein
600 1348 718 1421 virgines
728 1349 847 1405 Vestales
857 1369 921 1406 cum

119 1427 211 1496 pueris
226 1423 378 1495 puellisque
391 1423 513 1494 patrimis
528 1423 713 1495 matrimisque
727 1442 807 1495 aqua,
823 1427 922 1482 virise

119 1499 237 1554 fontibus
247 1500 427 1569 amnibusque
438 1499 541 1563 heusta,
553 1497 683 1568 perluere.
705 1499 774 1552 Tum
780 1499 920 1560 Helvidius

120 1575 227 1629 Priscus
246 1581 358 1644 praetor,
380 1580 521 1643 praeeunte
538 1573 640 1627 Plautio
653 1573 762 1627 Aeliano
784 1576 918 1644 pontifice,

119 1649 228 1703 lustrata
238 1647 465 1701 suovetaurilibus
478 1664 537 1700 area
547 1656 572 1701 et
581 1665 662 1719 super
672 1649 799 1718 cespitem
809 1650 920 1706 redditis

119 1724 197 1784 entis,
209 1723 308 1785 lovem,
322 1722 624 1787 lunonem,Minervam,
634 1722 823 1796 praesidesque
834 1726 921 1797 impe-

118 1798 152 1851 rii
171 1796 233 1849 deos
253 1804 385 1865 precatus,
407 1796 446 1849 uti
466 1805 555 1867 coepta
572 1808 765 1868 prosperarent,
787 1799 920 1872 sedesque

118 1888 192 1934 suras,
213 1871 308 1939 pietate
322 1870 463 1924 hominum
478 1871 622 1936 inchoatas,
644 1871 736 1926 divina
750 1890 800 1944 ope
810 1874 921 1930 adtolle-

99 1942 102 1951 '
119 1953 186 2009 rent,
205 1945 291 2009 vittas,
313 1946 376 2016 quis
391 1944 488 2018 ligatus
502 1945 570 2017 lepis
586 1947 731 2018 innexique
746 1947 918 2016 funeserant,

118 2021 237 2094 contigit.
277 2019 363 2074 Simul
378 2020 456 2075 ceteri
467 2022 638 2094 magistratus
651 2023 831 2079 etsacerdotes
841 2034 867 2079 et
877 2043 921 2079 se-

119 2105 197 2151 natus
208 2105 233 2149 et
242 2113 324 2167 eques
334 2104 360 2150 et
370 2113 465 2168 magna
481 2113 543 2167 pers
554 2095 655 2167 populi,
668 2098 757 2151 studio
767 2096 920 2172 laetitiaque

60 2219 65 2226 .
118 2173 236 2235 connixi,
256 2172 465 2244 sexum-ingens
480 2179 591 2226 traxere.
632 2172 789 2242 Passimque
808 2174 920 2229 iniectae

118 2247 299 2302 fundamentis
313 2247 413 2319 argenti
429 2247 542 2317 aurique
553 2247 635 2316 stipes
650 2254 676 2299 et
685 2246 852 2301 metallorum
864 2251 920 2318 pri·

118 2324 224 2384 mitiae,
250 2320 333 2375 nullis
352 2320 504 2375 fornacibus
523 2322 619 2385 victae,
642 2321 690 2374 sed
710 2329 739 2374 ut
757 2323 917 2394 gignuntur.

118 2397 274 2451 Praedixere
284 2395 449 2465 haruspices,
464 2413 498 2449 ne
506 2404 678 2450 temeraretur
687 2413 755 2467 opus
765 2414 830 2452 saxo
840 2415 921 2453 auro-

119 2489 161 2535 ve,
178 2472 205 2524 in
220 2468 294 2522 eliud
308 2470 446 2524 destinato.
486 2470 604 2525 Altitudo
618 2471 729 2525 aedibus
739 2471 849 2527 adiectu.
890 2473 920 2529 Id

111 2546 203 2601 solum
219 2544 314 2619 religio
328 2544 455 2600 adnuere.
494 2545 632 2616 Etprioris
642 2546 734 2615 templi
744 2547 920 2619 magnificen-

100 2622 155 2674 tiae
164 2620 293 2678 defuisse
302 2623 452 2680 creditum.

145 2697 198 2756 54.
218 2697 330 2759 Audita
341 2703 465 2761 interim
473 2716 524 2775 per
534 2690 950 2755 Gattimusmumssqumm
