<?xml version="1.0" encoding="UTF-8"?>
<!DOCTYPE html PUBLIC "-//W3C//DTD XHTML 1.0 Transitional//EN"
    "http://www.w3.org/TR/xhtml1/DTD/xhtml1-transitional.dtd">
<html xmlns="http://www.w3.org/1999/xhtml" xml:lang="en" lang="en">
 <head>
  <title>
</title>
<meta http-equiv="Content-Type" content="text/html;charset=utf-8" />
  <meta name='ocr-system' content='tesseract 3.04.00' />
  <meta name='ocr-capabilities' content='ocr_page ocr_carea ocr_par ocr_line ocrx_word'/>
</head>
<body>
  <div class='ocr_page' id='page_1' title='image "./ccorneliitaciti00weisgoog_0068.png"; bbox 0 0 1950 3016; ppageno 0'>
   <div class='ocr_carea' id='block_1_1' title="bbox 49 191 824 267">
    <p class='ocr_par' dir='ltr' id='par_1_1' title="bbox 49 191 824 267">
     <span class='ocr_line' id='line_1_1' title="bbox 49 191 824 267; baseline -0.001 -17"><span class='ocrx_word' id='word_1_1' title='bbox 49 191 150 267; x_wconf 63' lang='lat' dir='ltr'>aaa.)</span> <span class='ocrx_word' id='word_1_2' title='bbox 256 197 604 249; x_wconf 77' lang='lat' dir='ltr'>uru.11.cnr.1-a.</span> <span class='ocrx_word' id='word_1_3' title='bbox 792 197 824 249; x_wconf 77' lang='lat' dir='ltr'>aa</span> 
     </span>
    </p>
   </div>
   <div class='ocr_carea' id='block_1_2' title="bbox 48 299 875 2716">
    <p class='ocr_par' dir='ltr' id='par_1_2' title="bbox 49 299 826 817">
     <span class='ocr_line' id='line_1_2' title="bbox 49 299 826 375; baseline 0 -17"><span class='ocrx_word' id='word_1_4' title='bbox 49 303 120 368; x_wconf 85' lang='lat' dir='ltr'>uthi,</span> <span class='ocrx_word' id='word_1_5' title='bbox 136 299 251 358; x_wconf 80' lang='lat' dir='ltr'>Achaiae</span> <span class='ocrx_word' id='word_1_6' title='bbox 261 302 338 367; x_wconf 88' lang='lat' dir='ltr'>urbe,</span> <span class='ocrx_word' id='word_1_7' title='bbox 354 309 437 356; x_wconf 85' lang='lat' dir='ltr'>certos</span> <span class='ocrx_word' id='word_1_8' title='bbox 450 304 556 356; x_wconf 86' lang='lat' dir='ltr'>nuntios</span> <span class='ocrx_word' id='word_1_9' title='bbox 573 303 672 375; x_wconf 87' lang='lat' dir='ltr'>accepit</span> <span class='ocrx_word' id='word_1_10' title='bbox 686 303 719 358; x_wconf 91' lang='lat' dir='ltr'>de</span> <span class='ocrx_word' id='word_1_11' title='bbox 734 304 826 358; x_wconf 87' lang='lat' dir='ltr'>interi-</span> 
     </span>
     <span class='ocr_line' id='line_1_3' title="bbox 49 377 826 451; baseline -0.001 -17"><span class='ocrx_word' id='word_1_12' title='bbox 49 378 177 443; x_wconf 86' lang='lat' dir='ltr'>rGalbae‚</span> <span class='ocrx_word' id='word_1_13' title='bbox 191 387 216 432; x_wconf 87' lang='lat' dir='ltr'>et</span> <span class='ocrx_word' id='word_1_14' title='bbox 230 378 347 441; x_wconf 79' lang='lat' dir='ltr'>aderant,</span> <span class='ocrx_word' id='word_1_15' title='bbox 360 378 407 449; x_wconf 90' lang='lat' dir='ltr'>qui</span> <span class='ocrx_word' id='word_1_16' title='bbox 421 395 493 431; x_wconf 89' lang='lat' dir='ltr'>arma</span> <span class='ocrx_word' id='word_1_17' title='bbox 503 377 601 432; x_wconf 90' lang='lat' dir='ltr'>Vitellii</span> <span class='ocrx_word' id='word_1_18' title='bbox 614 378 769 451; x_wconf 81' lang='lat' dir='ltr'>bellumque</span> <span class='ocrx_word' id='word_1_19' title='bbox 778 379 826 434; x_wconf 87' lang='lat' dir='ltr'>ad-</span> 
     </span>
     <span class='ocr_line' id='line_1_4' title="bbox 49 453 824 523; baseline 0.001 -15"><span class='ocrx_word' id='word_1_20' title='bbox 49 461 173 519; x_wconf 84' lang='lat' dir='ltr'>rmarent,</span> <span class='ocrx_word' id='word_1_21' title='bbox 195 455 293 508; x_wconf 78' lang='lat' dir='ltr'>auxius</span> <span class='ocrx_word' id='word_1_22' title='bbox 308 453 405 517; x_wconf 87' lang='lat' dir='ltr'>auimo,</span> <span class='ocrx_word' id='word_1_23' title='bbox 425 454 518 523; x_wconf 80' lang='lat' dir='ltr'><strong>paucis</strong></span> <span class='ocrx_word' id='word_1_24' title='bbox 532 453 677 508; x_wconf 87' lang='lat' dir='ltr'>amicorum</span> <span class='ocrx_word' id='word_1_25' title='bbox 687 454 824 520; x_wconf 86' lang='lat' dir='ltr'>adhibitis,</span> 
     </span>
     <span class='ocr_line' id='line_1_5' title="bbox 49 528 826 600; baseline -0.001 -17"><span class='ocrx_word' id='word_1_26' title='bbox 49 537 120 583; x_wconf 84' lang='lat' dir='ltr'>meta</span> <span class='ocrx_word' id='word_1_27' title='bbox 132 530 270 600; x_wconf 80' lang='lat' dir='ltr'>utrimque</span> <span class='ocrx_word' id='word_1_28' title='bbox 279 528 428 598; x_wconf 81' lang='lat' dir='ltr'><strong>perlustrat.</strong></span> <span class='ocrx_word' id='word_1_29' title='bbox 457 528 487 583; x_wconf 87' lang='lat' dir='ltr'>Si</span> <span class='ocrx_word' id='word_1_30' title='bbox 494 537 613 597; x_wconf 73' lang='lat' dir='ltr'>perperat</span> <span class='ocrx_word' id='word_1_31' title='bbox 621 533 649 582; x_wconf 83' lang='lat' dir='ltr'>io</span> <span class='ocrx_word' id='word_1_32' title='bbox 658 533 754 593; x_wconf 81' lang='lat' dir='ltr'>urbem,</span> <span class='ocrx_word' id='word_1_33' title='bbox 765 533 826 583; x_wconf 84' lang='lat' dir='ltr'>nul-</span> 
     </span>
     <span class='ocr_line' id='line_1_6' title="bbox 49 606 826 673; baseline 0.001 -17"><span class='ocrx_word' id='word_1_34' title='bbox 49 624 78 657; x_wconf 75' lang='lat' dir='ltr'>:m</span> <span class='ocrx_word' id='word_1_35' title='bbox 89 607 171 673; x_wconf 75' lang='lat' dir='ltr'>officii</span> <span class='ocrx_word' id='word_1_36' title='bbox 179 609 303 672; x_wconf 74' lang='lat' dir='ltr'>pretinm,</span> <span class='ocrx_word' id='word_1_37' title='bbox 318 607 347 657; x_wconf 83' lang='lat' dir='ltr'>in</span> <span class='ocrx_word' id='word_1_38' title='bbox 359 606 468 656; x_wconf 82' lang='lat' dir='ltr'>atterius</span> <span class='ocrx_word' id='word_1_39' title='bbox 483 606 603 658; x_wconf 75' lang='lat' dir='ltr'><em>honorem</em></span> <span class='ocrx_word' id='word_1_40' title='bbox 614 609 739 670; x_wconf 68' lang='lat' dir='ltr'>trecepti:</span> <span class='ocrx_word' id='word_1_41' title='bbox 758 622 790 657; x_wconf 88' lang='lat' dir='ltr'>no</span> <span class='ocrx_word' id='word_1_42' title='bbox 800 621 826 658; x_wconf 83' lang='lat' dir='ltr'>aa</span> 
     </span>
     <span class='ocr_line' id='line_1_7' title="bbox 49 677 826 748; baseline -0.001 -14"><span class='ocrx_word' id='word_1_43' title='bbox 49 682 140 742; x_wconf 78' lang='lat' dir='ltr'>itettto,</span> <span class='ocrx_word' id='word_1_44' title='bbox 161 684 215 733; x_wconf 82' lang='lat' dir='ltr'>stoa</span> <span class='ocrx_word' id='word_1_45' title='bbox 227 679 328 741; x_wconf 76' lang='lat' dir='ltr'>Othoni,</span> <span class='ocrx_word' id='word_1_46' title='bbox 348 681 529 748; x_wconf 77' lang='lat' dir='ltr'>obstdernsore.</span> <span class='ocrx_word' id='word_1_47' title='bbox 568 677 618 733; x_wconf 82' lang='lat' dir='ltr'>Sin</span> <span class='ocrx_word' id='word_1_48' title='bbox 627 682 731 741; x_wconf 76' lang='lat' dir='ltr'>rediret,</span> <span class='ocrx_word' id='word_1_49' title='bbox 746 683 826 748; x_wconf 76' lang='lat' dir='ltr'>offen-</span> 
     </span>
     <span class='ocr_line' id='line_1_8' title="bbox 49 756 825 817; baseline 0 -9"><span class='ocrx_word' id='word_1_50' title='bbox 49 773 81 808; x_wconf 83' lang='lat' dir='ltr'>rm</span> <span class='ocrx_word' id='word_1_51' title='bbox 96 758 168 808; x_wconf 80' lang='lat' dir='ltr'>troad</span> <span class='ocrx_word' id='word_1_52' title='bbox 183 757 288 807; x_wconf 82' lang='lat' dir='ltr'>dubiam</span> <span class='ocrx_word' id='word_1_53' title='bbox 303 758 423 807; x_wconf 80' lang='lat' dir='ltr'>victoris.-</span> <span class='ocrx_word' id='word_1_54' title='bbox 442 758 486 806; x_wconf 84' lang='lat' dir='ltr'>sed</span> <span class='ocrx_word' id='word_1_55' title='bbox 500 757 600 808; x_wconf 74' lang='lat' dir='ltr'>irtoerto</span> <span class='ocrx_word' id='word_1_56' title='bbox 612 756 697 807; x_wconf 85' lang='lat' dir='ltr'>adhue</span> <span class='ocrx_word' id='word_1_57' title='bbox 707 757 825 817; x_wconf 77' lang='lat' dir='ltr'>victoria,</span> 
     </span>
    </p>

    <p class='ocr_par' dir='ltr' id='par_1_3' title="bbox 49 828 827 1047">
     <span class='ocr_line' id='line_1_9' title="bbox 70 828 827 897; baseline -0.001 -14"><span class='ocrx_word' id='word_1_58' title='bbox 70 834 223 884; x_wconf 84' lang='lat' dir='ltr'>eoncedente</span> <span class='ocrx_word' id='word_1_59' title='bbox 236 834 265 882; x_wconf 83' lang='lat' dir='ltr'>in</span> <span class='ocrx_word' id='word_1_60' title='bbox 275 837 366 896; x_wconf 85' lang='lat' dir='ltr'>portes</span> <span class='ocrx_word' id='word_1_61' title='bbox 376 837 461 896; x_wconf 86' lang='lat' dir='ltr'>patra,</span> <span class='ocrx_word' id='word_1_62' title='bbox 481 831 563 897; x_wconf 75' lang='lat' dir='ltr'>filiam</span> <span class='ocrx_word' id='word_1_63' title='bbox 579 837 740 883; x_wconf 75' lang='lat' dir='ltr'>enousotnm.</span> <span class='ocrx_word' id='word_1_64' title='bbox 779 828 827 883; x_wconf 85' lang='lat' dir='ltr'>Sto</span> 
     </span>
     <span class='ocr_line' id='line_1_10' title="bbox 49 906 827 974; baseline 0.001 -17"><span class='ocrx_word' id='word_1_65' title='bbox 49 906 205 973; x_wconf 79' lang='lat' dir='ltr'>&#39;arpasionus</span> <span class='ocrx_word' id='word_1_66' title='bbox 219 906 403 971; x_wconf 74' lang='lat' dir='ltr'><strong><em>rempublicam</em></strong></span> <span class='ocrx_word' id='word_1_67' title='bbox 416 908 564 971; x_wconf 78' lang='lat' dir='ltr'>susciperet,</span> <span class='ocrx_word' id='word_1_68' title='bbox 578 907 777 959; x_wconf 81' lang='lat' dir='ltr'>obliuiscendum</span> <span class='ocrx_word' id='word_1_69' title='bbox 787 909 827 974; x_wconf 71' lang='lat' dir='ltr'>os-</span> 
     </span>
     <span class='ocr_line' id='line_1_11' title="bbox 50 982 452 1047; baseline -0.01 -12"><span class='ocrx_word' id='word_1_70' title='bbox 50 998 160 1035; x_wconf 74' lang='lat' dir='ltr'>trearum</span> <span class='ocrx_word' id='word_1_71' title='bbox 170 983 201 1033; x_wconf 82' lang='lat' dir='ltr'>de</span> <span class='ocrx_word' id='word_1_72' title='bbox 211 982 275 1032; x_wconf 86' lang='lat' dir='ltr'>ballo</span> <span class='ocrx_word' id='word_1_73' title='bbox 285 982 452 1047; x_wconf 74' lang='lat' dir='ltr'>opitoatihos.</span> 
     </span>
    </p>

    <p class='ocr_par' dir='ltr' id='par_1_4' title="bbox 48 1053 829 2028">
     <span class='ocr_line' id='line_1_12' title="bbox 81 1053 824 1126; baseline -0.004 -15"><span class='ocrx_word' id='word_1_74' title='bbox 81 1058 108 1111; x_wconf 74' lang='lat'>2.</span> <span class='ocrx_word' id='word_1_75' title='bbox 130 1055 179 1107; x_wconf 92' lang='lat' dir='ltr'>His</span> <span class='ocrx_word' id='word_1_76' title='bbox 194 1053 335 1108; x_wconf 86' lang='lat' dir='ltr'>aetatibus</span> <span class='ocrx_word' id='word_1_77' title='bbox 350 1055 417 1108; x_wconf 89' lang='lat' dir='ltr'>inter</span> <span class='ocrx_word' id='word_1_78' title='bbox 432 1069 506 1123; x_wconf 90' lang='lat' dir='ltr'>spem</span> <span class='ocrx_word' id='word_1_79' title='bbox 521 1061 677 1126; x_wconf 89' lang='lat' dir='ltr'>metumque</span> <span class='ocrx_word' id='word_1_80' title='bbox 690 1055 824 1119; x_wconf 88' lang='lat' dir='ltr'>iactatum,</span> 
     </span>
     <span class='ocr_line' id='line_1_13' title="bbox 49 1129 826 1200; baseline -0.003 -15"><span class='ocrx_word' id='word_1_81' title='bbox 49 1147 89 1185; x_wconf 77' lang='lat' dir='ltr'>nes</span> <span class='ocrx_word' id='word_1_82' title='bbox 100 1129 175 1184; x_wconf 87' lang='lat' dir='ltr'>vicit.</span> <span class='ocrx_word' id='word_1_83' title='bbox 214 1130 309 1191; x_wconf 78' lang='lat' dir='ltr'>Fuere.</span> <span class='ocrx_word' id='word_1_84' title='bbox 326 1129 384 1200; x_wconf 87' lang='lat' dir='ltr'>qui,</span> <span class='ocrx_word' id='word_1_85' title='bbox 399 1145 538 1182; x_wconf 88' lang='lat' dir='ltr'>accensum</span> <span class='ocrx_word' id='word_1_86' title='bbox 549 1129 680 1185; x_wconf 87' lang='lat' dir='ltr'>desiderio</span> <span class='ocrx_word' id='word_1_87' title='bbox 689 1131 826 1185; x_wconf 85' lang='lat' dir='ltr'>Berenices</span> 
     </span>
     <span class='ocr_line' id='line_1_14' title="bbox 49 1203 827 1278; baseline -0.003 -19"><span class='ocrx_word' id='word_1_88' title='bbox 49 1207 150 1278; x_wconf 70' lang='lat' dir='ltr'>egium,</span> <span class='ocrx_word' id='word_1_89' title='bbox 167 1205 279 1259; x_wconf 87' lang='lat' dir='ltr'>vertisse</span> <span class='ocrx_word' id='word_1_90' title='bbox 292 1205 340 1257; x_wconf 90' lang='lat' dir='ltr'>iter</span> <span class='ocrx_word' id='word_1_91' title='bbox 354 1203 496 1258; x_wconf 81' lang='lat' dir='ltr'>crederent.</span> <span class='ocrx_word' id='word_1_92' title='bbox 536 1205 630 1276; x_wconf 92' lang='lat' dir='ltr'>Neque</span> <span class='ocrx_word' id='word_1_93' title='bbox 643 1205 799 1260; x_wconf 90' lang='lat' dir='ltr'>abhorrebat</span> <span class='ocrx_word' id='word_1_94' title='bbox 811 1221 827 1257; x_wconf 92' lang='lat' dir='ltr'>a</span> 
     </span>
     <span class='ocr_line' id='line_1_15' title="bbox 49 1278 826 1351; baseline -0.001 -17"><span class='ocrx_word' id='word_1_95' title='bbox 49 1281 152 1334; x_wconf 89' lang='lat' dir='ltr'>erenice</span> <span class='ocrx_word' id='word_1_96' title='bbox 163 1279 290 1334; x_wconf 87' lang='lat' dir='ltr'>iuvenilis</span> <span class='ocrx_word' id='word_1_97' title='bbox 300 1279 422 1333; x_wconf 89' lang='lat' dir='ltr'>animus:</span> <span class='ocrx_word' id='word_1_98' title='bbox 441 1279 487 1332; x_wconf 92' lang='lat' dir='ltr'>sed</span> <span class='ocrx_word' id='word_1_99' title='bbox 497 1279 620 1351; x_wconf 82' lang='lat' dir='ltr'>gerendis</span> <span class='ocrx_word' id='word_1_100' title='bbox 631 1280 710 1334; x_wconf 90' lang='lat' dir='ltr'>rebus</span> <span class='ocrx_word' id='word_1_101' title='bbox 720 1278 826 1334; x_wconf 88' lang='lat' dir='ltr'>nullum</span> 
     </span>
     <span class='ocr_line' id='line_1_16' title="bbox 49 1353 828 1425; baseline -0.006 -14"><span class='ocrx_word' id='word_1_102' title='bbox 49 1354 334 1425; x_wconf 79' lang='lat' dir='ltr'>reoinpedimentum.</span> <span class='ocrx_word' id='word_1_103' title='bbox 370 1354 477 1408; x_wconf 89' lang='lat' dir='ltr'>Laetam</span> <span class='ocrx_word' id='word_1_104' title='bbox 487 1353 668 1424; x_wconf 89' lang='lat' dir='ltr'>voluptatibus</span> <span class='ocrx_word' id='word_1_105' title='bbox 677 1353 828 1409; x_wconf 89' lang='lat' dir='ltr'>adolescen-</span> 
     </span>
     <span class='ocr_line' id='line_1_17' title="bbox 49 1428 828 1502; baseline -0.005 -17"><span class='ocrx_word' id='word_1_106' title='bbox 49 1449 92 1485; x_wconf 92' lang='lat' dir='ltr'>am</span> <span class='ocrx_word' id='word_1_107' title='bbox 103 1431 166 1502; x_wconf 77' lang='lat' dir='ltr'>egit,</span> <span class='ocrx_word' id='word_1_108' title='bbox 179 1448 229 1485; x_wconf 86' lang='lat' dir='ltr'>suo</span> <span class='ocrx_word' id='word_1_109' title='bbox 238 1446 320 1501; x_wconf 92' lang='lat' dir='ltr'>quam</span> <span class='ocrx_word' id='word_1_110' title='bbox 330 1430 413 1500; x_wconf 90' lang='lat' dir='ltr'>patris</span> <span class='ocrx_word' id='word_1_111' title='bbox 429 1429 542 1499; x_wconf 88' lang='lat' dir='ltr'>imperio</span> <span class='ocrx_word' id='word_1_112' title='bbox 556 1428 708 1483; x_wconf 86' lang='lat' dir='ltr'>modestior.</span> <span class='ocrx_word' id='word_1_113' title='bbox 745 1429 828 1501; x_wconf 76' lang='lat' dir='ltr'>Igitur</span> 
     </span>
     <span class='ocr_line' id='line_1_18' title="bbox 49 1502 829 1574; baseline -0.004 -15"><span class='ocrx_word' id='word_1_114' title='bbox 49 1523 102 1561; x_wconf 88' lang='lat' dir='ltr'>ram</span> <span class='ocrx_word' id='word_1_115' title='bbox 112 1505 226 1559; x_wconf 78' lang='lat' dir='ltr'>Achaiae</span> <span class='ocrx_word' id='word_1_116' title='bbox 236 1513 261 1558; x_wconf 91' lang='lat' dir='ltr'>et</span> <span class='ocrx_word' id='word_1_117' title='bbox 270 1503 357 1569; x_wconf 79' lang='lat' dir='ltr'>Asiae,</span> <span class='ocrx_word' id='word_1_118' title='bbox 368 1521 399 1558; x_wconf 91' lang='lat' dir='ltr'>ac</span> <span class='ocrx_word' id='word_1_119' title='bbox 409 1502 483 1558; x_wconf 88' lang='lat' dir='ltr'>laeva</span> <span class='ocrx_word' id='word_1_120' title='bbox 493 1504 575 1557; x_wconf 89' lang='lat' dir='ltr'>maris</span> <span class='ocrx_word' id='word_1_121' title='bbox 586 1511 749 1574; x_wconf 86' lang='lat' dir='ltr'>praevectus,</span> <span class='ocrx_word' id='word_1_122' title='bbox 757 1503 829 1557; x_wconf 81' lang='lat' dir='ltr'>Rho-</span> 
     </span>
     <span class='ocr_line' id='line_1_19' title="bbox 49 1577 828 1653; baseline -0.005 -17"><span class='ocrx_word' id='word_1_123' title='bbox 49 1599 94 1636; x_wconf 90' lang='lat' dir='ltr'>um</span> <span class='ocrx_word' id='word_1_124' title='bbox 110 1588 136 1635; x_wconf 90' lang='lat' dir='ltr'>et</span> <span class='ocrx_word' id='word_1_125' title='bbox 150 1580 270 1653; x_wconf 84' lang='lat' dir='ltr'>Cyprum</span> <span class='ocrx_word' id='word_1_126' title='bbox 283 1579 396 1644; x_wconf 89' lang='lat' dir='ltr'>insulas,</span> <span class='ocrx_word' id='word_1_127' title='bbox 417 1579 480 1633; x_wconf 90' lang='lat' dir='ltr'>inde</span> <span class='ocrx_word' id='word_1_128' title='bbox 494 1577 608 1651; x_wconf 88' lang='lat' dir='ltr'>Syriam,</span> <span class='ocrx_word' id='word_1_129' title='bbox 629 1578 828 1633; x_wconf 81' lang='lat' dir='ltr'>audentioribus</span> 
     </span>
     <span class='ocr_line' id='line_1_20' title="bbox 49 1653 827 1727; baseline -0.001 -17"><span class='ocrx_word' id='word_1_130' title='bbox 49 1657 123 1727; x_wconf 73' lang='lat' dir='ltr'>petiis</span> <span class='ocrx_word' id='word_1_131' title='bbox 136 1656 249 1727; x_wconf 88' lang='lat' dir='ltr'>petebat.</span> <span class='ocrx_word' id='word_1_132' title='bbox 289 1655 376 1726; x_wconf 75' lang='lat' dir='ltr'>Atque</span> <span class='ocrx_word' id='word_1_133' title='bbox 390 1654 465 1708; x_wconf 88' lang='lat' dir='ltr'>illurn</span> <span class='ocrx_word' id='word_1_134' title='bbox 477 1653 574 1724; x_wconf 87' lang='lat' dir='ltr'>cupido</span> <span class='ocrx_word' id='word_1_135' title='bbox 585 1655 701 1718; x_wconf 82' lang='lat' dir='ltr'>incessit,</span> <span class='ocrx_word' id='word_1_136' title='bbox 712 1653 827 1709; x_wconf 89' lang='lat' dir='ltr'>adeundi</span> 
     </span>
     <span class='ocr_line' id='line_1_21' title="bbox 48 1728 827 1802; baseline -0.003 -17"><span class='ocrx_word' id='word_1_137' title='bbox 48 1731 190 1802; x_wconf 88' lang='lat' dir='ltr'>isendique</span> <span class='ocrx_word' id='word_1_138' title='bbox 209 1730 338 1802; x_wconf 89' lang='lat' dir='ltr'>templum</span> <span class='ocrx_word' id='word_1_139' title='bbox 360 1730 474 1801; x_wconf 80' lang='lat' dir='ltr'>Paphiae</span> <span class='ocrx_word' id='word_1_140' title='bbox 488 1730 608 1793; x_wconf 84' lang='lat' dir='ltr'>Veneris,</span> <span class='ocrx_word' id='word_1_141' title='bbox 629 1728 760 1802; x_wconf 86' lang='lat' dir='ltr'>inclytum</span> <span class='ocrx_word' id='word_1_142' title='bbox 780 1747 827 1802; x_wconf 89' lang='lat' dir='ltr'>per</span> 
     </span>
     <span class='ocr_line' id='line_1_22' title="bbox 49 1803 828 1879; baseline -0.003 -18"><span class='ocrx_word' id='word_1_143' title='bbox 49 1806 169 1879; x_wconf 84' lang='lat' dir='ltr'>rdigenas</span> <span class='ocrx_word' id='word_1_144' title='bbox 179 1805 357 1877; x_wconf 88' lang='lat' dir='ltr'>advenasque.</span> <span class='ocrx_word' id='word_1_145' title='bbox 392 1804 468 1859; x_wconf 91' lang='lat' dir='ltr'>Haud</span> <span class='ocrx_word' id='word_1_146' title='bbox 479 1803 557 1859; x_wconf 87' lang='lat' dir='ltr'>luerit</span> <span class='ocrx_word' id='word_1_147' title='bbox 568 1803 687 1878; x_wconf 86' lang='lat' dir='ltr'>longum,</span> <span class='ocrx_word' id='word_1_148' title='bbox 701 1807 774 1859; x_wconf 89' lang='lat' dir='ltr'>initia</span> <span class='ocrx_word' id='word_1_149' title='bbox 787 1823 828 1859; x_wconf 91' lang='lat' dir='ltr'>re-</span> 
     </span>
     <span class='ocr_line' id='line_1_23' title="bbox 49 1879 826 1956; baseline -0.003 -20"><span class='ocrx_word' id='word_1_150' title='bbox 49 1882 148 1956; x_wconf 77' lang='lat' dir='ltr'>gionis,</span> <span class='ocrx_word' id='word_1_151' title='bbox 163 1879 254 1951; x_wconf 89' lang='lat' dir='ltr'>templi</span> <span class='ocrx_word' id='word_1_152' title='bbox 268 1882 360 1946; x_wconf 85' lang='lat' dir='ltr'>ritum,</span> <span class='ocrx_word' id='word_1_153' title='bbox 377 1879 488 1935; x_wconf 85' lang='lat' dir='ltr'>turmam</span> <span class='ocrx_word' id='word_1_154' title='bbox 499 1880 562 1935; x_wconf 90' lang='lat' dir='ltr'>deae</span> <span class='ocrx_word' id='word_1_155' title='bbox 574 1879 751 1953; x_wconf 86' lang='lat' dir='ltr'>(nequeenim</span> <span class='ocrx_word' id='word_1_156' title='bbox 762 1881 826 1936; x_wconf 88' lang='lat' dir='ltr'>alibi</span> 
     </span>
     <span class='ocr_line' id='line_1_24' title="bbox 49 1955 455 2028; baseline -0.007 -15"><span class='ocrx_word' id='word_1_157' title='bbox 49 1960 69 2013; x_wconf 88' lang='lat' dir='ltr'>ic</span> <span class='ocrx_word' id='word_1_158' title='bbox 78 1955 201 2028; x_wconf 86' lang='lat' dir='ltr'>habetur)</span> <span class='ocrx_word' id='word_1_159' title='bbox 214 1957 306 2026; x_wconf 86' lang='lat' dir='ltr'>paucis</span> <span class='ocrx_word' id='word_1_160' title='bbox 316 1955 455 2010; x_wconf 90' lang='lat' dir='ltr'>disserere.</span> 
     </span>
    </p>

    <p class='ocr_par' dir='ltr' id='par_1_5' title="bbox 49 2029 875 2716">
     <span class='ocr_line' id='line_1_25' title="bbox 84 2029 828 2103; baseline -0.005 -16"><span class='ocrx_word' id='word_1_161' title='bbox 84 2035 110 2087; x_wconf 85' lang='grc'>3.</span> <span class='ocrx_word' id='word_1_162' title='bbox 132 2030 299 2086; x_wconf 85' lang='lat' dir='ltr'>Conditorem</span> <span class='ocrx_word' id='word_1_163' title='bbox 315 2031 406 2102; x_wconf 84' lang='lat' dir='ltr'>templi</span> <span class='ocrx_word' id='word_1_164' title='bbox 420 2046 510 2103; x_wconf 82' lang='lat' dir='ltr'>regem</span> <span class='ocrx_word' id='word_1_165' title='bbox 526 2029 621 2084; x_wconf 80' lang='lat' dir='ltr'>derisu</span> <span class='ocrx_word' id='word_1_166' title='bbox 637 2038 712 2085; x_wconf 86' lang='lat' dir='ltr'>vetus</span> <span class='ocrx_word' id='word_1_167' title='bbox 726 2047 828 2084; x_wconf 90' lang='lat' dir='ltr'>merno-</span> 
     </span>
     <span class='ocr_line' id='line_1_26' title="bbox 49 2105 827 2178; baseline -0.006 -16"><span class='ocrx_word' id='word_1_168' title='bbox 49 2125 77 2174; x_wconf 81' lang='lat' dir='ltr'>a,</span> <span class='ocrx_word' id='word_1_169' title='bbox 100 2107 211 2178; x_wconf 91' lang='lat' dir='ltr'>quidam</span> <span class='ocrx_word' id='word_1_170' title='bbox 227 2107 313 2176; x_wconf 88' lang='lat' dir='ltr'>ipsius</span> <span class='ocrx_word' id='word_1_171' title='bbox 326 2106 389 2160; x_wconf 86' lang='lat' dir='ltr'>deae</span> <span class='ocrx_word' id='word_1_172' title='bbox 403 2122 499 2161; x_wconf 90' lang='lat' dir='ltr'>nomeu</span> <span class='ocrx_word' id='word_1_173' title='bbox 514 2105 542 2159; x_wconf 92' lang='lat' dir='ltr'>id</span> <span class='ocrx_word' id='word_1_174' title='bbox 558 2105 705 2177; x_wconf 89' lang='lat' dir='ltr'>perhibent.</span> <span class='ocrx_word' id='word_1_175' title='bbox 746 2106 827 2157; x_wconf 92' lang='lat' dir='ltr'>Fama</span> 
     </span>
     <span class='ocr_line' id='line_1_27' title="bbox 49 2179 827 2254; baseline -0.008 -16"><span class='ocrx_word' id='word_1_176' title='bbox 49 2183 157 2238; x_wconf 71' lang='lat' dir='ltr'>roeutior</span> <span class='ocrx_word' id='word_1_177' title='bbox 167 2179 255 2245; x_wconf 81' lang='lat' dir='ltr'>tradit,</span> <span class='ocrx_word' id='word_1_178' title='bbox 269 2180 391 2254; x_wconf 82' lang='lat' dir='ltr'>aCinyra</span> <span class='ocrx_word' id='word_1_179' title='bbox 401 2188 533 2235; x_wconf 88' lang='lat' dir='ltr'>sacratum</span> <span class='ocrx_word' id='word_1_180' title='bbox 544 2180 684 2251; x_wconf 84' lang='lat' dir='ltr'>templum,</span> <span class='ocrx_word' id='word_1_181' title='bbox 696 2179 827 2250; x_wconf 87' lang='lat' dir='ltr'>deamque</span> 
     </span>
     <span class='ocr_line' id='line_1_28' title="bbox 49 2254 827 2326; baseline -0.008 -13"><span class='ocrx_word' id='word_1_182' title='bbox 49 2275 127 2323; x_wconf 75' lang='lat' dir='ltr'>mam,</span> <span class='ocrx_word' id='word_1_183' title='bbox 139 2263 291 2326; x_wconf 91' lang='lat' dir='ltr'>conceptam</span> <span class='ocrx_word' id='word_1_184' title='bbox 303 2257 379 2320; x_wconf 77' lang='lat' dir='ltr'>mari,</span> <span class='ocrx_word' id='word_1_185' title='bbox 391 2255 446 2310; x_wconf 92' lang='lat' dir='ltr'>huc</span> <span class='ocrx_word' id='word_1_186' title='bbox 455 2255 603 2326; x_wconf 90' lang='lat' dir='ltr'>adpulsam.</span> <span class='ocrx_word' id='word_1_187' title='bbox 628 2255 679 2308; x_wconf 88' lang='lat' dir='ltr'>Sed</span> <span class='ocrx_word' id='word_1_188' title='bbox 689 2254 827 2308; x_wconf 89' lang='lat' dir='ltr'>scientiam</span> 
     </span>
     <span class='ocr_line' id='line_1_29' title="bbox 49 2328 827 2403; baseline -0.006 -16"><span class='ocrx_word' id='word_1_189' title='bbox 49 2341 169 2403; x_wconf 89' lang='lat' dir='ltr'>rtemque</span> <span class='ocrx_word' id='word_1_190' title='bbox 187 2330 361 2402; x_wconf 88' lang='lat' dir='ltr'>haruspicum</span> <span class='ocrx_word' id='word_1_191' title='bbox 381 2330 506 2398; x_wconf 87' lang='lat' dir='ltr'>adcitam;</span> <span class='ocrx_word' id='word_1_192' title='bbox 529 2338 553 2384; x_wconf 90' lang='lat' dir='ltr'>et</span> <span class='ocrx_word' id='word_1_193' title='bbox 571 2329 679 2384; x_wconf 82' lang='lat' dir='ltr'>Cilicem</span> <span class='ocrx_word' id='word_1_194' title='bbox 694 2328 827 2382; x_wconf 86' lang='lat' dir='ltr'>Tamiram</span> 
     </span>
     <span class='ocr_line' id='line_1_30' title="bbox 49 2403 829 2477; baseline -0.012 -14"><span class='ocrx_word' id='word_1_195' title='bbox 49 2408 168 2463; x_wconf 86' lang='lat' dir='ltr'>rtulisse:</span> <span class='ocrx_word' id='word_1_196' title='bbox 190 2414 269 2477; x_wconf 88' lang='lat' dir='ltr'>atque</span> <span class='ocrx_word' id='word_1_197' title='bbox 283 2408 318 2460; x_wconf 89' lang='lat' dir='ltr'>ita</span> <span class='ocrx_word' id='word_1_198' title='bbox 332 2414 449 2476; x_wconf 89' lang='lat' dir='ltr'>pactum,</span> <span class='ocrx_word' id='word_1_199' title='bbox 468 2414 496 2460; x_wconf 91' lang='lat' dir='ltr'>ut</span> <span class='ocrx_word' id='word_1_200' title='bbox 506 2404 621 2458; x_wconf 80' lang='lat' dir='ltr'>familiae</span> <span class='ocrx_word' id='word_1_201' title='bbox 630 2403 771 2473; x_wconf 89' lang='lat' dir='ltr'>utriusque</span> <span class='ocrx_word' id='word_1_202' title='bbox 781 2421 829 2473; x_wconf 87' lang='lat' dir='ltr'>po-</span> 
     </span>
     <span class='ocr_line' id='line_1_31' title="bbox 49 2476 829 2552; baseline -0.008 -14"><span class='ocrx_word' id='word_1_203' title='bbox 49 2485 93 2539; x_wconf 64' lang='lat' dir='ltr'>*eri</span> <span class='ocrx_word' id='word_1_204' title='bbox 108 2482 277 2537; x_wconf 89' lang='lat' dir='ltr'>caerimoniis</span> <span class='ocrx_word' id='word_1_205' title='bbox 292 2481 478 2552; x_wconf 87' lang='lat' dir='ltr'>praesiderent.</span> <span class='ocrx_word' id='word_1_206' title='bbox 517 2481 589 2541; x_wconf 85' lang='lat' dir='ltr'>Mox,</span> <span class='ocrx_word' id='word_1_207' title='bbox 604 2493 637 2529; x_wconf 88' lang='lat' dir='ltr'>ne</span> <span class='ocrx_word' id='word_1_208' title='bbox 647 2476 744 2530; x_wconf 86' lang='lat' dir='ltr'>honora</span> <span class='ocrx_word' id='word_1_209' title='bbox 754 2478 829 2533; x_wconf 88' lang='lat' dir='ltr'>nullo</span> 
     </span>
     <span class='ocr_line' id='line_1_32' title="bbox 49 2551 853 2633; baseline -0.01 -20"><span class='ocrx_word' id='word_1_210' title='bbox 49 2560 135 2631; x_wconf 78' lang='lat' dir='ltr'>agium</span> <span class='ocrx_word' id='word_1_211' title='bbox 151 2573 241 2628; x_wconf 79' lang='lat' dir='ltr'>genus</span> <span class='ocrx_word' id='word_1_212' title='bbox 255 2559 429 2632; x_wconf 82' lang='lat' dir='ltr'>peregrinam</span> <span class='ocrx_word' id='word_1_213' title='bbox 447 2556 562 2633; x_wconf 86' lang='lat' dir='ltr'>stirpem</span> <span class='ocrx_word' id='word_1_214' title='bbox 574 2551 853 2623; x_wconf 46' lang='lat' dir='ltr'>antecelleretsxpsa.</span> 
     </span>
     <span class='ocr_line' id='line_1_33' title="bbox 49 2626 875 2716; baseline 0.002 -33"><span class='ocrx_word' id='word_1_215' title='bbox 49 2650 100 2684; x_wconf 82' lang='lat' dir='ltr'>nm</span> <span class='ocrx_word' id='word_1_216' title='bbox 111 2629 266 2700; x_wconf 83' lang='lat' dir='ltr'>intulerant,</span> <span class='ocrx_word' id='word_1_217' title='bbox 279 2636 395 2696; x_wconf 86' lang='lat' dir='ltr'>scientia</span> <span class='ocrx_word' id='word_1_218' title='bbox 407 2637 537 2716; x_wconf 90' lang='lat' dir='ltr'>hospites</span> <span class='ocrx_word' id='word_1_219' title='bbox 548 2650 679 2694; x_wconf 70' lang='lat' dir='ltr'>cessere:</span> <span class='ocrx_word' id='word_1_220' title='bbox 695 2626 875 2689; x_wconf 59' lang='lat' dir='ltr'>mutumffix·</span> 
     </span>
    </p>
   </div>
   <div class='ocr_carea' id='block_1_3' title="bbox 49 2703 898 2790">
    <p class='ocr_par' dir='ltr' id='par_1_6' title="bbox 49 2703 898 2790">
     <span class='ocr_line' id='line_1_34' title="bbox 49 2703 898 2790; baseline 0.009 -16"><span class='ocrx_word' id='word_1_221' title='bbox 49 2703 124 2758; x_wconf 53' lang='lat' dir='ltr'>md&amp;</span> <span class='ocrx_word' id='word_1_222' title='bbox 135 2706 266 2768; x_wconf 50' lang='lat' dir='ltr'>⁸⁸02&amp;oe</span> <span class='ocrx_word' id='word_1_223' title='bbox 280 2717 460 2780; x_wconf 82' lang='lat' dir='ltr'>consulitur.</span> <span class='ocrx_word' id='word_1_224' title='bbox 504 2710 898 2790; x_wconf 55' lang='lat' dir='ltr'>uestrasutqtiuuffl‘·</span> 
     </span>
    </p>
   </div>
   <div class='ocr_carea' id='block_1_4' title="bbox 0 0 982 3016">
    <p class='ocr_par' dir='ltr' id='par_1_7' title="bbox 0 0 982 3016">
     <span class='ocr_line' id='line_1_35' title="bbox 0 0 982 3016; baseline 0 0"><span class='ocrx_word' id='word_1_225' title='bbox 0 0 982 3016; x_wconf 95' lang='lat' dir='ltr'> </span> 
     </span>
    </p>
   </div>
  </div>
 </body>
</html>
