1950 3016
84 191 223 269 (aneon)
259 201 467 249 aearcoua
487 203 566 249 ene.
586 203 707 251 ta—ao.
832 199 881 252 stt

85 309 137 357 tur.
163 302 225 357 llox
235 302 285 357 hae
296 302 429 373 atqueilla
440 304 517 374 rapti,
529 309 554 357 et
564 320 625 357 eum
636 303 771 376 plerisque
779 304 883 360 Britan·

85 394 192 441 norum,
208 395 257 431 sua
272 378 477 441 defensantium,
492 377 592 448 proelio
605 380 749 450 congessi,
765 397 883 452 aceaepe

85 455 208 515 victores,
223 452 367 522 aliquando
383 452 464 522 pulsi,
481 469 512 507 eo
521 453 554 506 ad
564 463 712 507 extremum
723 458 827 524 inopiae
838 473 883 509 ve·

85 545 156 589 nere,
175 536 204 580 ut
217 528 418 581 infirmissimos
430 545 552 591 suorum,
569 546 630 582 moa
643 539 712 582 sorte
723 529 825 591 duetos,
838 547 884 583 ve—

84 612 230 657 soerentur.
271 603 358 673 butue
367 604 401 655 ita
411 605 581 656 circumvecti
592 604 764 661 britanniam.
776 606 884 659 anaissis

84 694 131 748 per
141 678 275 731 inscitiam
287 677 394 749 regendi
406 678 529 739 navibus,
543 695 589 748 pro
600 678 777 748 praedonibus
790 680 882 740 babiti,

84 757 204 822 primum
219 768 234 805 a
248 751 354 815 Saeuis,
380 768 442 806 mox
456 769 471 805 a
483 753 578 806 Frisiis
589 755 723 824 intercepti
735 763 806 807 sunt.
847 754 885 809 de

86 826 169 889 fuere,
184 844 253 897 ques
267 844 314 896 per
324 828 482 881 oommercia
493 829 676 890 venumdatos,
693 839 718 882 et
728 831 755 882 in
767 837 883 885 nostram

86 919 173 973 usque
186 902 270 971 ripam
283 905 428 956 mutatione
439 903 585 955 ementium
595 903 731 965 abductos,
754 903 884 956 iudicium

86 978 150 1031 tanti
161 993 241 1030 casus
250 975 411 1032 inlustravit.
450 977 529 1030 loitio
538 980 645 1031 aestatis
654 977 885 1051 Agrieola,dome·

84 1053 150 1105 stioo
169 1049 281 1104 vulnere
299 1053 378 1116 ictus,
400 1069 469 1106 auno
487 1060 547 1105 ante
565 1062 656 1109 natum
677 1052 762 1106 lilium
781 1053 881 1107 amisit.

84 1124 171 1190 Quem
182 1142 274 1179 casum
287 1143 383 1196 neque,
395 1136 425 1180 ut
433 1126 554 1197 plerique
563 1125 669 1180 fortium
680 1128 809 1189 virorum,
826 1145 883 1181 arn·

84 1199 190 1263 titione,
205 1217 292 1271 aeque
305 1218 352 1270 per
366 1201 478 1254 lamenta
489 1218 583 1256 rursus
593 1218 623 1254 ae
632 1218 776 1256 maerorem
788 1202 884 1256 mulie-

85 1275 167 1329 briter
178 1273 247 1328 tulit.
286 1275 320 1328 Et
330 1277 357 1328 in
368 1274 441 1328 luetu
452 1274 553 1328 bellum
564 1277 631 1328 iuter
641 1276 756 1329 remedia
767 1286 830 1331 erat.

139 1351 183 1404 29.
205 1349 288 1420 igitur
306 1351 452 1419 praemissa
472 1347 567 1410 classe,
588 1365 657 1419 quae
676 1349 800 1418 pluribus
820 1349 884 1405 loeis

84 1423 217 1494 praedata,
234 1440 362 1494 magnum
374 1432 398 1477 et
408 1424 538 1474 ineertum
549 1430 673 1476 terrorem
685 1421 788 1485 faceret,
805 1439 886 1493 expe-

83 1498 275 1559 ditoexereitu,
289 1498 334 1550 eui
344 1513 378 1550 ex
387 1497 520 1550 Britannis
531 1494 687 1550 fortissimos
698 1506 723 1550 et
734 1496 810 1569 longa
821 1513 885 1567 paee

84 1572 234 1643 exploratos
249 1571 393 1635 addiderat,
409 1570 443 1624 ad
453 1579 569 1625 montem
581 1571 739 1641 Grampium
753 1573 883 1642 pervenit,

84 1665 168 1719 quem
178 1650 232 1700 iam
243 1646 332 1699 hostes
342 1645 500 1699 insederant.
536 1646 603 1699 Nam
614 1646 742 1709 Britanni,
755 1645 823 1699 nibil
834 1645 886 1699 fra-

84 1724 118 1776 cti
130 1737 238 1794 pugnae
247 1722 343 1790 prioris
353 1729 459 1782 eventu,
467 1729 493 1773 et
501 1719 629 1775 ultionem
640 1730 685 1776 aut
694 1721 885 1775 servitiumex-

83 1805 244 1868 spectantes,
256 1795 417 1865 tandemque
426 1794 653 1859 docti,eommune
662 1794 811 1866 perieulum
821 1813 885 1850 con·

83 1871 174 1926 eordia
186 1869 407 1940 propulsandum,
418 1868 592 1942 legationibus
603 1880 628 1925 et
638 1870 788 1926 foederibus
796 1872 884 1926 omni-

84 1964 132 2000 um
142 1946 282 1999 civitatum
293 1946 364 1998 vires
374 1946 533 1999 exolverunt.
566 1947 676 2017 lamque
686 1963 767 2016 super
776 1948 883 2018 triginta

83 2020 172 2076 millia
190 2027 353 2073 armatorum
370 2019 592 2090 adspiciebantur,
612 2028 638 2074 et
651 2021 741 2074 adhue
753 2019 885 2076 adfluebat

82 2095 176 2151 omnis
193 2094 329 2157 inventus,
350 2103 376 2150 et
389 2094 489 2166 quibus
502 2095 583 2149 cruda
598 2112 629 2149 ao
641 2095 737 2148 uiridis
750 2103 882 2159 senectus,

83 2169 150 2225 olari
160 2166 239 2231 bollo,
249 2185 280 2222 ae
288 2184 336 2222 sua
347 2171 465 2241 quiaque
474 2169 566 2224 deeora
575 2178 722 2242 gerentes:
743 2186 805 2222 eum
816 2171 885 2222 inter

84 2244 178 2316 plures
188 2242 269 2297 duees
279 2243 377 2298 virtute
386 2253 411 2298 et
419 2261 517 2317 genere
526 2254 663 2315 praestans
673 2246 781 2298 nomine
790 2243 884 2316 Calga-

84 2336 135 2373 eus
153 2318 226 2388 apud
240 2327 398 2374 eouuaoeam
414 2319 613 2373 multitudinem
627 2318 759 2389 proelium
773 2334 885 2389 posoen-

85 2402 140 2448 tem
150 2393 179 2447 ia
188 2393 262 2447 buue
272 2393 382 2448 modum
392 2395 496 2450 loeutus
506 2393 603 2448 fertur:

142 2470 183 2522 tt.
205 2468 328 2533 Quotam
347 2487 454 2524 roumee
470 2471 530 2521 belli
542 2477 567 2521 et
580 2471 757 2521 merardetem
768 2475 885 2521 nmirum

85 2547 197 2605 intueor,
212 2560 324 2611 meuse
336 2548 400 2598 mili
410 2549 515 2598 artimus
530 2551 574 2604 eat,
586 2545 738 2596 hodiernum
746 2545 817 2594 dieta
825 2558 891 2592 euo-

84 2634 238 2684 semaarqee
247 2627 362 2672 vestm
374 2623 481 2674 im'tium
498 2621 633 2675 libertatis
648 2622 734 2673 totius
746 2614 916 2668 teimaiaus

68 2689 286 2816 &selemia
296 2697 422 2752 aarum
430 2700 579 2754 servitutis
590 2703 735 2826 eupart'ttza,
745 2698 775 2744 et
780 2686 882 2743 nuilus
888 2674 941 2725 ²²¹·
