1950 3016
53 185 99 256 rr.)
184 193 263 239 nris.
281 192 328 240 1v.
350 193 440 240 cnr.
460 195 500 242 ae.
520 195 565 241 sa.
726 188 776 246 itt

53 292 108 347 rius
123 291 327 348 Scribonianum
343 293 484 360 Crassum,
500 295 616 368 egregiis
629 293 776 354 maioribus

53 377 125 422 terna
135 368 252 441 imagine
261 367 417 442 fulgentem,
427 370 459 424 ad
469 369 657 441 capessendam
666 388 776 444 rempu-

53 460 73 497 n
88 443 221 498 hortatus:
243 443 315 498 baud
330 443 452 499 defutura
466 446 633 500 consciorum
642 463 734 512 manu,
745 448 775 502 ni

53 519 167 574 anianus
182 519 329 584 abnuisset,
351 537 384 574 ne
397 521 496 591 paratis
510 519 621 592 quidem
636 523 776 592 eorrumpi

53 610 72 659 s,
94 593 159 648 adeo
172 602 294 648 metuens
307 594 417 648 ineerta.
456 595 540 668 Igitur
550 595 775 667 Mucianus,an

53 668 115 723 riam
123 670 239 739 opprimi
249 669 380 723 Amemus
390 669 526 741 nequibat,
540 668 633 723 multis
643 669 672 724 in
682 678 776 726 senatu

53 743 291 808 buseumulatura,
308 744 414 797 seeretis
424 745 565 815 promissis
574 752 674 808 onmat,
686 749 776 800 ritui·

55 820 212 886 Hispaniam
220 825 354 874 ostentans
363 823 476 872 discessu
489 818 575 873 Clarii
583 820 641 888 Rufi
651 836 775 889 remorer

53 893 162 948 {amicis
177 894 235 947 eius
250 893 402 947 tribunatus
412 892 643 965 praefecturasque
652 892 772 967 iarffl'tur.

63 976 204 1040 postquam
215 969 321 1023 inanem
333 969 454 1023 animum
462 978 510 1039 spe
520 976 546 1022 et
552 969 678 1039 cupidine
688 958 775 1040 inpie·

53 1086 58 1108 ,
79 1045 152 1098 viras
171 1042 270 1098 abolet:
291 1043 403 1097 dimissa
417 1043 445 1097 in
459 1043 568 1097 hiberna
579 1043 774 1117 legionosepti-

53 1119 121 1172 taius
131 1117 353 1191 flagrantissimus
364 1118 392 1172 in
402 1117 547 1173 Antonium
556 1135 639 1173 anser.
677 1119 774 1173 iit-ter·

53 1194 99 1266 rio,
111 1192 250 1247 familiaris
260 1193 337 1247 Arrio
346 1193 415 1248 Varo
425 1192 512 1258 miles,
523 1193 551 1247 in
562 1192 666 1266 Syriam
678 1195 774 1247 remis-

53 1269 112 1322 Pars
121 1270 252 1322 exercitus
263 1269 289 1321 in
303 1268 461 1323 Germanias
472 1267 628 1320 ducebatur.
660 1265 705 1320 Sia
713 1282 770 1339 ege·

55 1342 173 1414 uidquid
182 1343 329 1404 turbidum,
344 1342 411 1396 redit
421 1341 482 1396 urbi
492 1358 541 1395 sua
552 1341 636 1395 forme
648 1339 774 1413 lemque

53 1419 102 1472 [nia
116 1419 331 1489 magistratuum.

53 1496 72 1548 i.
94 1491 154 1558 Quo
167 1492 210 1546 die
225 1501 346 1546 senatum
357 1491 496 1563 ingressus
505 1497 545 1544 est
554 1489 730 1553 Domitianus,
741 1488 775 1543 de

53 1567 93 1621 itia
107 1567 191 1637 patris
206 1564 348 1638 fratrisque
361 1582 392 1619 ae
405 1565 512 1620 iuventa
527 1580 578 1618 sua·
588 1580 672 1635 pauca
682 1572 707 1617 et
716 1580 775 1618 mo-

53 1642 181 1707 iiseeruit,
192 1641 304 1696 decorus
313 1640 421 1695 babitu:
442 1647 477 1704 et,
489 1640 587 1712 ignotis
595 1638 683 1693 adhue
693 1639 775 1694 mori-

57 1716 148 1772 erebra
167 1718 221 1771 oris
241 1715 361 1771 confusio
380 1731 428 1786 pro
442 1715 569 1769 modestia
584 1714 771 1785 arripiebatur.

53 1799 113 1846 enta
131 1790 241 1846 Caesare
260 1791 293 1844 de
311 1789 482 1844 restituendis
501 1788 600 1853 Galbae
616 1788 771 1856 bonoribus,

53 1868 80 1921 rit
89 1866 199 1922 Curtius
208 1867 359 1929 Montanus,
375 1872 405 1918 ut
413 1865 518 1919 Pisonis
527 1882 635 1937 quoque
645 1866 772 1921 memoria

53 1949 159 1996 raretur.
200 1942 288 1994 Patres
311 1949 456 2011 utrumque
479 1940 594 1996 iussere:
625 1940 658 1994 de
677 1941 773 1994 Pisone

53 2032 88 2070 rm
104 2015 162 2071 init.
202 2016 271 2070 Turn
286 2023 356 2069 sorte
367 2014 449 2080 ducti,
466 2033 516 2084 per
529 2033 592 2085 ques
604 2019 774 2068 redimentur

53 2100 136 2160 rapta,
149 2096 243 2160 quique
253 2107 317 2144 aera
328 2093 418 2158 ispum,
428 2099 553 2144 vetustate
563 2093 774 2157 detapsasrasoe-

53 2167 490 2237 beentqrte,et{estos‚oduiattone
500 2165 773 2232 tarmpmumseedatea,

53 2242 684 2308 serenanoaanquspebttetsinpensissaeerest.
704 2233 774 2287 usd-

56 2316 143 2370 Tertio
153 2314 255 2369 iuliano
265 2321 397 2385 praetura,
408 2321 549 2384 postquam
560 2311 682 2383 cognitus
691 2307 773 2363 estad

53 2391 169 2445 asianum
185 2388 352 2461 ooniugisse:
373 2385 684 2458 Griphohonormansit.
722 2383 774 2437 us·

53 2465 100 2519 nde
110 2465 287 2536 cognitionem
298 2464 366 2516 inter
378 2462 531 2516 Musonium
543 2458 641 2512 Rufum
651 2466 677 2512 et
686 2457 775 2513 erte-

53 2539 378 2611 >placuit,damnatusque
388 2534 504 2591 Publius
512 2531 788 2589 etboranimasixbxm
841 2601 844 2605 Ι

53 2621 141 2666 earm.
180 2614 301 2685 Insignis
315 2612 434 2686 publiea·
447 2611 598 2669 seueritate
610 2608 686 2672 sires,
696 2602 811 2675 nopsi-

53 2684 160 2750 quidem
171 2685 257 2743 leude
265 2691 367 2748 maurit.
377 2702 386 2717 ¹
396 2692 518 2750 iustum
527 2678 837 2754 intremuissem&

541 2769 609 2830 Ni·
