1950 3016
90 191 218 266 nem)
290 200 370 247 mn.
389 200 440 247 111.
461 201 550 249 cae.
571 203 690 251 m-rs.
844 197 891 251 tul

90 319 146 374 que
155 302 308 375 ingenium,
320 300 443 371 spoliare,
450 319 553 374 capere,
560 321 632 357 arma
640 322 778 377 equosque
787 306 893 376 abripe-

90 395 129 432 re.
170 377 206 431 Et
220 377 299 431 exciti
314 393 440 447 prospero
455 377 578 443 clamore,
599 380 647 449 qui
662 380 740 434 modo
753 397 801 451 per
815 398 892 454 agros

90 452 157 526 iuga
168 451 338 523 palabantur,
351 452 473 506 victoriae
482 471 512 507 se
521 453 677 507 miscebant.

150 530 193 581 l8.
215 525 257 580 ld
270 533 396 597 quartum
411 527 565 583 aCremona
581 527 695 599 lapidem
706 526 803 582 lulsere
812 529 894 600 legio-

90 620 161 658 num
181 602 259 675 signa
279 601 391 672 Rapacis
410 608 489 673 atque
508 602 625 668 Italicae,
646 601 712 657 laeto
730 602 798 657 inter
820 604 894 657 initia

91 677 219 750 equitum
229 694 341 731 suornm
351 676 450 747 proelio
460 677 524 732 illuc
534 694 621 749 usque
631 684 762 748 provecta.
786 676 837 731 Sed
848 678 895 732 ubi

92 752 201 808 lortuna
221 759 311 806 eontra
331 749 389 816 luit,
411 769 464 806 non
479 751 566 807 laxare
580 752 696 817 ordines,
711 769 764 807 non
778 753 894 822 recipere

93 827 226 891 turbatos,
247 844 300 881 non
321 824 428 880 obviam
448 827 496 891 ire,
516 826 639 899 ultroque
658 827 766 899 adgredi
781 826 892 892 bostem,

92 910 200 958 tantum
211 918 259 973 per
269 901 385 971 spatium
396 918 478 955 cursu
488 909 513 955 et
523 902 665 974 pugnando
675 901 786 956 fessum.
819 903 896 956 Forte

94 978 171 1042 vieti,
183 976 255 1031 baud
267 975 378 1047 perinde
387 976 467 1030 rebus
480 978 613 1047 prosperis
623 977 718 1031 ducem
728 977 896 1031 desiderave-

93 1060 166 1116 rant,
178 1060 258 1123 atque
267 1052 296 1105 in
307 1050 426 1105 adversis
437 1051 528 1104 deesse
539 1051 729 1124 intelligebant.
750 1053 893 1106 Nutantem

95 1129 181 1182 aciem
192 1128 278 1180 victor
287 1127 419 1196 equitatus
430 1126 561 1180 incursat:
583 1135 608 1180 et
617 1127 762 1198 Vipstanus
772 1126 895 1182 Messalla

94 1202 223 1257 tribunus
239 1218 303 1254 cum
316 1200 438 1255 Moesicis
452 1199 628 1255 auxiliaribus
642 1202 809 1273 adsequitur,
827 1218 896 1272 quos

96 1275 209 1330 militiae
224 1275 386 1348 legionariis,
400 1292 565 1347 quamquam
576 1277 671 1345 raptim
684 1274 787 1339 ductos,
798 1293 897 1345 aequa-

93 1351 171 1406 bant.
211 1351 247 1404 lta
267 1349 369 1403 mixtus
388 1349 468 1420 pedes
488 1366 626 1421 equesque
644 1365 741 1419 rupere
759 1348 894 1421 legionum

95 1442 204 1499 agmen.
238 1425 272 1477 Et
283 1425 431 1495 propinqua
442 1425 661 1479 Cremonensium
673 1423 786 1486 moenia,
798 1429 898 1493 quanto

95 1501 161 1573 plus
174 1500 232 1570 spei
247 1499 280 1553 ad
295 1498 434 1572 ellugium,
450 1507 522 1554 tanto
534 1498 664 1553 minorem
677 1497 711 1552 ad
720 1497 898 1551 resistendum

95 1578 220 1631 animum
230 1574 336 1628 dabant.

154 1653 196 1704 l9.
218 1650 273 1703 Nec
287 1649 418 1703 Antonius
428 1647 497 1703 ultra
507 1648 612 1711 institit,
623 1663 726 1702 memor
737 1645 857 1701 laborum
868 1664 898 1701 ao

95 1726 253 1787 vulnerum,
265 1724 367 1795 quibus
377 1731 430 1777 tam
441 1740 537 1793 anceps
548 1722 640 1793 proelii
652 1721 897 1794 fortuna,quamvis

95 1817 225 1874 prospero
241 1798 303 1863 line,
319 1801 423 1870 equites
433 1814 570 1870 equosque
580 1796 764 1852 addietaverat.
805 1799 898 1852 lnum-

95 1878 192 1931 branta
202 1891 311 1944 vespera
322 1876 479 1928 universum
490 1874 610 1928 Flaviani
621 1873 752 1928 exercitus
761 1873 841 1929 robur
851 1873 898 1927 ad-

95 1952 181 2007 venit.
220 1949 306 2020 thue
316 1947 438 2003 cumules
450 1965 531 2019 super
540 1957 565 2003 et
574 1950 687 2002 recentia
697 1949 775 2011 mede
785 1950 897 2020 vestigia

95 2027 240 2088 incessere,
256 2024 334 2094 quasi
349 2022 508 2077 debellatum
525 2023 598 2088 loret,
611 2040 719 2092 perpere
736 2023 895 2083 Cremonam,

96 2111 120 2156 et
135 2107 219 2155 victos
234 2105 262 2153 iu
275 2103 428 2151 deditionem
443 2103 568 2165 accipere,
589 2107 635 2152 aut
649 2114 800 2166 eupupuare
817 2095 898 2164 depo-

96 2182 187 2231 scunt.
227 2174 297 2226 llaec
306 2175 335 2226 in
346 2173 443 2237 medio,
460 2171 570 2243 pulchra
581 2173 663 2227 dictu.
703 2171 750 2225 llla
759 2169 811 2224 sibi
822 2170 899 2238 quis-

97 2268 161 2323 que,
168 2266 245 2317 poseo
255 2251 382 2302 coloniam
390 2252 470 2316 plano
478 2253 555 2302 eitam
564 2253 651 2316 inpetu
662 2250 728 2313 capi.
770 2245 839 2297 idem
848 2259 899 2295 cu-

96 2329 191 2380 dueiaa
199 2342 247 2391 per
258 2327 374 2378 tenebras
384 2325 595 2390 inrumpentibus,
610 2331 633 2374 et
643 2325 766 2374 utmorem
779 2321 900 2384 rapiendi

97 2404 239 2455 liemlicm.
281 2398 377 2462 Ouorki
393 2401 473 2451 lucem
483 2403 659 2464 opperiantur,
674 2399 727 2447 iam
734 2410 833 2460 pacem
847 2397 900 2444 inm

95 2491 188 2544 preces
198 2483 222 2528 et
229 2490 280 2542 pro
289 2476 376 2526 labore
385 2491 418 2526 uc
427 2475 576 2526 vulneribus
586 2473 772 2524 clementiarum
778 2470 897 2534 plurium,

96 2555 200 2612 insuia,
213 2552 327 2602 tuturos:
348 2552 392 2600 red
402 2563 461 2616 opes
473 2546 682 2602 Cremonensium
692 2547 723 2597 iu
731 2547 793 2596 unu
800 2545 910 2610 praele-

91 2635 192 2676 ctorrcm
201 2626 396 2690 lepalmumpue
403 2629 470 2694 sore.
511 2624 697 2696 Eaepuquoloe
707 2623 787 2676 urbis
795 2619 933 2689 proeium

77 2697 119 2743 ad
131 2695 249 2755 mmm,
269 2697 379 2752 dedrme
392 2704 548 2772 adduces,
564 2705 724 2778 pertimere.
759 2696 954 2772 Spemffiffi
