1950 3016
123 223 174 277 23⁰
364 225 687 273 ureronrnnuu
786 215 923 292 (unse.

178 330 205 384 2.
226 325 278 380 Sed
291 328 355 399 quia
370 327 485 383 lamosae
498 327 574 383 urbis
588 342 746 398 supremum
758 325 831 380 diem
842 325 925 381 tredl-

125 401 177 455 turi
189 419 295 467 sumus,
306 420 455 477 congruens
465 403 579 467 videtur,
585 401 731 473 primordia
740 402 799 455 eius
809 403 922 472 aperire.

122 475 242 542 ludaeos,
254 477 330 532 Creta
339 477 428 533 insula
437 477 572 550 profugos,
583 477 729 531 novissima
740 476 841 549 Libyae
852 477 924 530 inse-

122 550 195 606 disse
204 562 420 625 memcrant,qua
432 550 734 623 tempesstateSaturnus
744 551 770 605 vi
780 551 851 606 Iovis
861 551 924 622 pul-

122 645 171 683 sus
190 628 297 682 cesserit
314 628 414 702 regnis.
454 628 650 701 Argumentum
665 626 798 680 enomine
808 627 920 696 petitur:

122 699 254 775 inclytum
268 702 297 756 in
307 700 383 758 Creta
394 701 466 756 ldam
477 709 603 766 montem,
619 699 722 755 adcolas
732 700 833 765 Idaeos,
846 708 922 755 aucto

121 777 150 832 in
161 776 304 831 barbarum
318 786 500 851 cognomento,
516 776 625 832 ludaeos
636 775 754 830 vocitari.
793 773 920 840 Quidam,

121 859 248 924 regnante
262 851 341 916 lside,
357 853 536 907 exundantem
548 868 596 922 per
604 851 757 924 Aegyptum
770 848 922 904 multitudi-

122 942 195 990 nem,
206 925 320 981 ducibus
330 927 512 1000 Hierosolymo
522 943 553 980 ae
563 925 636 990 luda,
652 926 788 995 proximas
799 925 827 979 in
840 933 920 979 terras

121 1009 298 1054 exoneratam.
338 1000 470 1073 Plerique,
482 1001 643 1071 Aethiopum
652 1000 764 1070 prolem,
779 1016 849 1070 quos
859 1015 921 1072 rege

121 1073 227 1144 Cepheo
246 1081 333 1129 metus
351 1083 431 1147 atque
449 1076 541 1131 odium
555 1084 658 1129 mutare
671 1074 747 1128 sedes
762 1073 918 1145 perpulerit.

120 1147 198 1212 Sunt,
214 1149 262 1220 qui
275 1148 387 1215 tradant,
408 1149 533 1224 Assyrios
547 1166 688 1213 convenas,
709 1148 833 1221 indigum
843 1166 921 1222 agro·

121 1240 182 1277 rum
192 1222 332 1293 populum,
343 1233 417 1296 parte
426 1224 539 1298 Aegypti
550 1225 655 1296 potitos,
670 1239 732 1277 mcx
740 1224 863 1294 proprias
873 1242 920 1280 ur-

121 1297 169 1352 bes
184 1298 369 1370 Hebraeasque
384 1307 465 1354 terras
480 1308 506 1354 et
514 1300 636 1372 propiora
646 1296 738 1370 Syriae
747 1297 863 1352 coluisse
873 1316 920 1352 ru·

120 1391 159 1427 ra.
199 1372 263 1439 Alii,
280 1374 436 1429 ludaeorum
447 1376 532 1439 initia,
548 1373 679 1446 Solymos,
691 1372 857 1427 carminibus
868 1374 919 1428 llo-

121 1446 366 1509 meri‘celebratam
386 1459 506 1523 gentem,
528 1447 646 1504 conditae
659 1447 720 1502 urbi
735 1447 919 1521 Hierosolyma

120 1540 216 1578 nomen
226 1539 241 1577 e
250 1540 300 1577 suc
310 1522 412 1579 fecisse.

176 1600 201 1651 3.
213 1597 325 1652 Plurimi
336 1606 454 1652 auctores
464 1596 641 1660 consentiunt,
647 1604 702 1651 orte
713 1597 917 1670 perAegyptum

120 1671 188 1735 tabe,
208 1689 278 1743 quae
291 1689 398 1743 corpora
413 1670 540 1735 foedaret,
560 1688 649 1745 regem
664 1671 827 1735 bocchorim,
849 1672 918 1726 adito

120 1746 276 1799 Hanrmonis
290 1746 405 1810 oraculo,
422 1746 571 1800 remedium
586 1754 732 1818 petentem,
748 1762 864 1818 purgare
876 1763 918 1799 re-

118 1836 204 1892 gnum
220 1826 245 1872 et
259 1818 286 1872 id
300 1835 387 1892 genus
397 1819 548 1885 bominum,
565 1829 594 1875 ut
602 1823 722 1875 invisum
733 1820 800 1882 deis,
812 1819 880 1874 alias
889 1821 917 1874 in

119 1902 201 1948 terras
212 1893 323 1947 avehere
334 1895 449 1948 iussum.
470 1891 514 1949 Sic
524 1896 704 1967 conquisitum
716 1894 917 1966 conlectumque

119 1967 228 2041 vulgus,
244 1977 386 2040 postquam
402 1969 484 2024 vastis
499 1968 563 2024 locis
577 1969 697 2023 relietum
712 1970 755 2030 sit.
767 1971 861 2024 ceteris
872 1986 917 2040 per

120 2043 242 2098 lacrimas
252 2043 427 2114 torpentibus,
440 2044 561 2118 Moysen,
577 2062 663 2111 unum
673 2043 809 2107 exsulum,
822 2061 917 2099 monu-

118 2119 182 2179 isse,
194 2134 227 2171 ne
237 2135 318 2189 quam
330 2119 439 2174 deorum
450 2118 625 2173 hominumve
637 2136 714 2190 opem
725 2126 915 2189 exspectarent,

119 2194 246 2264 utrinque
255 2193 361 2257 deserti,
381 2193 429 2246 sed
438 2192 501 2256 sibi,
523 2201 552 2247 ut
564 2192 625 2247 duci
636 2194 749 2258 caelesti,
771 2194 915 2260 crederent,

19 2332 22 2337 ⁵
118 2269 206 2339 primo
226 2269 304 2321 cuius
323 2268 424 2322 auxilio
437 2278 587 2338 praesentes
603 2268 725 2322 miserias
740 2267 915 2339 pepulissent.

119 2342 267 2396 Adsensere
282 2351 361 2412 atque
374 2344 496 2396 omnium
513 2343 597 2415 ignari
613 2341 750 2396 lortuitum
760 2345 810 2396 iter
820 2342 917 2413 incipi-

119 2426 177 2482 unt.
217 2415 272 2470 Sed'
288 2415 355 2470 nibil
370 2432 463 2488 aeque,
484 2434 566 2487 quam
581 2418 669 2487 inopia
684 2433 769 2488 aquae
780 2416 914 2491 fatigabat.

119 2492 230 2563 Iamque
239 2491 311 2544 band
320 2490 411 2561 procul
423 2491 512 2555 exitio,
527 2493 587 2545 totis
598 2492 700 2563 campis
710 2493 914 2562 procubuerant,

108 2568 176 2620 cum
181 2583 253 2641 grex
263 2565 404 2624 asinorum
415 2566 561 2643 agrestium
570 2575 674 2637 epastu
681 2567 711 2620 in
721 2583 815 2635 rupem
826 2584 918 2622 nemc-

92 2655 126 2694 re
137 2659 257 2712 opacam
269 2646 421 2704 concessit.
451 2643 571 2702 Secutus
578 2640 927 2716 blousesmemeetursuer-

78 2711 148 2769 Itidi
161 2719 229 2789 seli,
250 2722 350 2801 largas
364 2718 516 2802 aquarum
527 2736 619 2781 tettae
630 2713 731 2790 apet'b·
763 2708 948 2760 mmm*
