1950 3016
49 160 91 235 o.)
187 167 558 221 crescente-ar.
696 165 767 219 ·t⁹

49 270 77 325 rd
93 271 238 342 perniciem
248 269 360 327 Othonis
373 272 551 326 armarentur:
571 286 633 343 pers
643 270 730 344 ignari
740 279 767 327 et

49 363 151 420 graves:
170 345 471 417 possimusquisquain
482 344 645 401 occasionem
654 347 768 417 praela-

67 420 178 493 vulgus,
185 431 214 475 ut
224 438 282 475 mos
292 428 342 484 est,
352 421 540 490 cuiuscunque
550 430 637 475 motus
647 422 708 477 novi
719 439 768 476 cn·

49 513 73 551 o.
113 495 148 551 Et
161 495 290 566 obsequia
304 493 443 550 meliorum
458 513 512 551 nox
524 493 676 552 abstulerat.
716 495 767 551 lle·

51 580 107 626 tem
116 569 240 625 seditioni
253 568 390 625 tribunum
405 578 431 624 et
441 571 626 625 severissimos
634 571 768 626 cennrrio-

49 646 213 702 obtruncant.
253 644 334 715 llapta
345 662 427 709 arma,
441 645 534 701 nudati
543 643 636 719 gladii,
647 644 768 701 insiden-

51 722 96 777 uis
107 720 203 775 urbem
212 735 244 772 ac
251 718 380 791 palatium
390 728 492 791 petunt.
777 756 782 765 ·

58 837 65 851 .
86 796 151 849 Erat
160 792 258 849 Othoni
268 793 370 849 celebre
378 796 543 859 convivium,
554 793 718 866 primoribus
729 791 768 849 ie-

62 870 198 942 ririsque:
212 869 262 941 qui
272 868 378 940 trepidi,
389 868 545 925 fortuitusne
554 868 671 925 militum
683 868 767 937 luror,

49 945 90 1001 lus
104 944 281 1016 imperatoris,
295 961 402 999 manere
411 953 437 999 et
448 943 620 1016 deprehendi,
631 962 664 1001 an
676 943 768 1019 lugere

49 1021 143 1093 spargi,
163 1018 341 1091 periculosius
354 1017 432 1085 iorem
453 1019 530 1075 modo
543 1021 716 1077 constantiam
729 1021 768 1076 si·

49 1114 82 1162 ·e,
98 1094 177 1150 modo
186 1092 328 1149 lormidine
337 1093 432 1167 detegi,
447 1093 527 1149 mmul
539 1093 651 1150 Othonis
661 1094 766 1151 vultum

49 1173 77 1228 d.
106 1170 194 1242 thue
204 1170 301 1234 evenit,
314 1169 448 1224 inclinetis
457 1169 491 1225 ad
502 1187 550 1225 sus
570 1171 681 1226 ieionem
692 1188 768 1227 men·

67 1263 132 1300 num
146 1245 250 1299 timeret
263 1243 341 1309 Otho,
357 1244 508 1301 timebatur.
608 1244 678 1301 haud
688 1262 768 1301 secus

49 1323 126 1377 mina
144 1328 262 1385 mantus,
282 1337 366 1391 quam
379 1337 439 1384 suo,
453 1319 572 1384 territus,
589 1328 614 1375 et
623 1318 768 1391 praelectas
810 1389 813 1394 Ι

49 1397 93 1452 >rii
102 1396 136 1449 ad
151 1394 311 1468 mitigandas
321 1393 439 1451 militnm
451 1395 505 1449 iras
515 1396 604 1449 statim
613 1395 731 1459 miserat,
743 1402 769 1448 et

50 1469 519 1544 propereomnaseconvirioiussit.
555 1468 769 1539 Tumreropas-

49 1547 219 1620 mgistratns‚
233 1545 356 1617 proiectis
371 1544 534 1618 insignibus,
545 1544 625 1599 vitata
639 1544 767 1599 comitum

49 1638 149 1677 *vorum
169 1619 325 1692 frequentia,
347 1636 425 1675 senes
439 1619 617 1691 feminaeque,
636 1635 683 1690 per
696 1626 769 1674 tena-

50 1696 160 1752 diversa
170 1697 245 1752 urbis
255 1696 359 1761 itinera,
374 1696 427 1750 rari
437 1694 539 1759 domos,
549 1693 659 1766 plurimi
669 1695 769 1751 amico-

49 1780 160 1836 ecta‚et,
172 1779 202 1827 ut
212 1773 311 1844 cuique
321 1769 492 1827 humillimus
501 1769 594 1835 cliens,
605 1770 718 1826 incertae
729 1769 770 1825 la·

49 1867 56 1902 ι
101 1847 193 1901 tivere.

49 1865 206 1981 l-Pelllilitum
222 1922 327 1993 inpetus
343 1937 376 1975 ne
390 1918 492 1975 loribus
503 1919 614 1992 quidem
624 1918 713 1992 palatii
724 1937 768 1976 co-

49 2015 78 2065 s,
99 2014 155 2068 quo
175 1996 265 2051 minus
279 1996 433 2053 convivium
454 1996 644 2066 inrumperent,
664 1995 769 2051 ostendi

49 2071 170 2128 >doum
185 2069 395 2142 expostulantes:
416 2070 552 2126 vulnerato
563 2069 630 2127 lulio
638 2070 767 2134 Martiale,

49 2165 88 2212 ro,
104 2155 130 2202 et
137 2145 244 2202 Vitellio
254 2144 407 2211 Saturnino,
422 2144 552 2217 praelecto
565 2144 687 2218 legionis,
701 2145 768 2199 dum

49 2223 111 2279 ibus
125 2221 268 2277 obsistunt
307 2220 431 2293 Undique
444 2237 515 2275 arma
530 2227 556 2275 et
571 2221 668 2284 minae,
689 2218 769 2275 modo

49 2297 183 2355 nturiones
198 2296 380 2368 tribunosque,
395 2295 475 2352 modo
487 2296 517 2351 in
526 2303 649 2350 senatum
660 2294 769 2348 uuiver-

66 2371 215 2447 lymphetis
229 2388 306 2427 caeco
318 2387 415 2443 pavore
432 2370 540 2435 animis,
557 2375 592 2433 at,
607 2369 671 2440 quia
681 2368 769 2425 nemi-

49 2465 136 2505 unnm
147 2446 278 2503 destinare
290 2447 344 2501 irae
352 2453 481 2517 poterant,
493 2444 625 2499 licentiam
636 2444 665 2498 in
674 2460 767 2499 omnes

49 2523 157 2581 ntibus:
178 2521 260 2577 donec
275 2519 352 2589 Otho,
367 2527 459 2579 comm
472 2518 787 2594 decorissimum

49 2616 99 2682 ens!
111 2597 240 2668 precr'lrus
255 2607 283 2656 et
294 2597 431 2682 lacrymis
444 2619 528 2683 aegre
541 2598 690 2660 colinus:
708 2595 808 2654 redue-

49 2681 220 2797 fficastra
234 2677 336 2753 inriti,
358 2700 458 2764 neque
471 2686 665 2825 mucegros.
699 2678 832 2735 rosum
