1950 3016
136 194 184 247 teo
371 194 700 244 ursvoraraauu
799 188 933 263 (ausa.

134 301 168 356 ad
183 297 312 363 Civilem,
333 308 363 354 nt
381 301 518 354 amieteret
535 301 616 352 bello.-
646 315 709 353 neue
724 307 838 354 aeterna
855 302 935 357 arnis

132 379 209 447 falsie
223 378 327 429 celaret.
366 373 398 429 Si
416 375 598 441 Vespasianum
611 377 937 445 invareadqreseuesoret,

133 456 297 518 satisfactam
308 453 410 516 coeptis.
441 447 522 502 Adeo
533 447 628 502 Civilis
638 448 725 517 primo
735 447 847 504 callide:
867 459 934 521 post,

133 526 182 581 uhi
193 525 264 580 videt
273 525 428 579 Montanum
439 522 614 593 praeferocem
626 523 742 594 ingenio,
757 532 935 597 paratumque

133 601 162 656 in
182 617 225 654 res
246 616 338 663 novas,
358 615 436 652 orsus
450 614 465 651 a
479 605 576 668 questu
591 597 783 668 periculisque,
804 616 877 670 quae
890 618 935 673 per

133 677 257 748 quinque
271 683 296 729 et
305 674 402 747 viginti
416 689 500 727 anuos
513 674 542 726 in
554 673 647 726 castris
656 673 783 728 Romanis
794 674 934 731 exhausis-

134 759 183 817 set,
198 750 346 819 Epreqiam
367 748 465 819 iuquit,
478 753 592 816 pretinm
605 751 722 802 labamine
735 753 832 817 recepi,
851 767 935 805 necern

132 831 227 896 {ratris
237 834 261 878 et
269 827 376 878 oincala
384 841 442 876 mea
454 832 478 876 et
487 827 652 876 missimus
662 826 739 876 ltnins
748 828 883 879 enercitus
891 842 934 880 aa·

134 919 183 964 ces,
200 903 293 968 qnilrns
306 903 341 952 ad
356 900 511 966 suppliciam
523 903 627 964 petitas,
643 902 701 952 iare
714 903 830 967 pontiam
839 917 934 968 paenae

132 991 246 1042 repamo.
291 975 338 1026 Vae
355 982 442 1027 autem
464 973 581 1036 Treueri,
603 981 751 1042 ceteraeque
769 979 934 1029 senientiam

133 1053 244 1111 animae,
261 1052 329 1117 qaod
339 1051 487 1116 pecaniam
500 1051 577 1116 elfrici
591 1052 683 1101 totiens
694 1052 832 1117 sanquinis
844 1067 934 1118 erepr-

135 1128 220 1187 ctatie,
235 1127 288 1176 nisi
302 1128 433 1191 iaqratam
447 1125 577 1186 militiam,
593 1126 745 1177 inmortalia
760 1127 869 1187 tributa,
880 1129 933 1180 air-

132 1217 188 1269 qas,
204 1216 314 1261 secares,
330 1207 354 1252 et
365 1201 527 1252 dominorum
540 1195 664 1266 inqenia?
682 1198 724 1250 En
735 1205 933 1269 eqopraelectas
969 1203 970 1210 ’

133 1279 211 1329 anina
222 1278 333 1329 cohortis
346 1283 370 1327 et
383 1272 564 1342 Canninefates
574 1273 726 1340 Batauique,
739 1277 839 1341 eaipaa
850 1275 933 1330 Galli·

133 1369 210 1405 arum
223 1354 317 1418 portio,
332 1366 403 1404 cana
416 1352 464 1402 iila
479 1356 626 1402 austrorum
633 1352 721 1414 spatia
731 1352 886 1413 occidimus,
895 1351 933 1404 cel
963 1346 967 1367 '

132 1434 206 1494 septa
215 1431 286 1494 ferro
295 1430 412 1494 fameque
419 1428 568 1491 mamimus.
588 1423 704 1491 lienique
712 1440 792 1477 aneae
799 1434 847 1479 ant
858 1428 933 1479 lider-

134 1502 529 1569 taeeeqaetar,antoictiiidem
539 1502 643 1551 erinnas.
670 1495 933 1564 Sicaccensummm
966 1563 967 1566 Ἰ

131 1579 254 1629 molliora
268 1572 363 1628 referre
373 1575 490 1637 iussum,
501 1572 619 1626 dimittit.
647 1570 703 1636 Ille,
714 1580 745 1625 ut
754 1572 855 1629 inritus
865 1574 933 1648 lega·
964 1612 967 1617 -

133 1651 222 1713 tionis,
235 1648 322 1712 rediit,
334 1658 417 1701 cetera
428 1646 613 1712 dissimulans,
625 1663 695 1717 quae
705 1664 767 1702 mox
777 1663 899 1720 erupere.
963 1652 967 1659 '

188 1727 230 1777 33.
252 1722 356 1785 Civilis,
373 1730 447 1792 parte
460 1723 597 1792 copiarum
613 1730 722 1787 retenta,
740 1730 879 1778 veteranas
891 1740 932 1779 oo-

132 1797 231 1861 hortes,
244 1805 269 1850 et
277 1796 350 1867 quod
360 1813 374 1849 e
384 1796 525 1851 Germanis
536 1797 653 1851 maxime
662 1806 828 1868 promptum,
840 1800 933 1855 adver·
968 1803 969 1806 ’

132 1890 180 1927 sus
193 1871 320 1926 Voculam
335 1873 535 1942 exercitumque
550 1873 608 1926 eius
623 1874 717 1936 mittit,
738 1872 932 1929 luliollaximo
964 1906 967 1935 ;

132 1955 158 2002 et
167 1946 278 2002 Claudio
287 1946 400 2011 Victore,
412 1948 510 2001 sororis
520 1963 585 2001 suae
595 1946 659 2012 lilio,
670 1946 795 2002 ducibus.
816 1949 933 2021 Rapiuut
964 1958 967 1963 '

131 2024 160 2078 in
176 2024 289 2077 transitu
303 2021 414 2075 hiberna
431 2021 496 2086 alae,
512 2021 663 2095 Asciburgii
675 2024 739 2078 sita:
760 2023 882 2097 adeoque
891 2025 932 2079 ia-

130 2099 232 2171 provisi
247 2104 330 2151 castra
342 2096 502 2162 involavere,
518 2104 548 2150 ut
557 2114 609 2151 non
623 2097 742 2169 adloqui,
753 2114 807 2152 non
818 2099 932 2170 pandere
969 2102 972 2111 '

131 2175 215 2228 aciem
225 2171 324 2229 Vocula
338 2172 461 2243 potuerit.
502 2171 532 2225 ld
545 2171 642 2237 solum,
655 2174 723 2227 utin
734 2174 864 2240 tumultu,
875 2191 932 2230 mo-
969 2182 972 2199 '

131 2251 199 2313 nuit,
211 2251 368 2316 eabsipnano
379 2251 461 2301 milite
470 2251 554 2300 media
563 2251 677 2316 firmare.
712 2247 821 2303 Auxilia
831 2251 931 2321 passim

131 2322 294 2377 circumfusa
309 2330 381 2375 suut.
421 2323 512 2392 Eques
527 2324 657 2393 prorupit,
669 2331 852 2396 exceptusque
861 2342 931 2381 oom-

131 2400 225 2470 pcsitis
238 2398 356 2452 hostium
366 2395 516 2461 ordinibus,
528 2404 600 2469 terga
610 2398 639 2452 iu
649 2415 713 2453 suos
722 2399 810 2454 vertit.
833 2399 930 2456 Caedes
970 2402 972 2411 '

131 2473 203 2536 inde,
216 2489 268 2526 non
279 2471 420 2542 proelium.
445 2472 480 2525 Et
488 2472 647 2526 Nerviorum
658 2473 788 2538 cohortes,
800 2484 875 2530 metu
885 2490 930 2529 seu

123 2547 249 2617 perfidia,
267 2547 347 2601 latera
363 2553 513 2603 nostrorum
528 2547 671 2602 nudavere.
712 2547 756 2602 Sic
768 2549 803 2603 ad
813 2549 929 2624 legiones

109 2632 300 2692 perventum:
323 2642 408 2701 quae,
421 2621 934 2695 amississiqriisautravallumme

100 2695 226 2773 leantur,
248 2722 319 2763 oum
330 2712 453 2782 repente
460 2696 954 2764 uovoouxiliolortuuoququamue
