1950 3016
18 39 33 227 ι
69 187 192 265 roae.)
275 197 356 245 ura.
374 198 413 246 11.
435 198 525 247 cer.
547 201 589 246 er.
610 201 652 248 aa.
817 192 863 246 {09

69 299 130 357 vilia
142 298 352 371 accipiebantur.
375 300 523 355 Ventitabat
533 301 560 354 iu
571 311 701 366 senatum,
713 304 791 356 etiam
801 321 863 361 cum

68 377 157 449 parvis
167 374 201 430 de
211 375 292 430 rebus
302 383 389 446 patres
398 376 607 431 consulerentur.
635 375 747 432 Aclorte
757 379 863 433 Priscus

68 450 222 516 llelvidius,
247 459 351 522 praetor
369 451 536 525 designatus,
559 459 646 506 eontra
666 452 784 506 studium
805 458 863 508 eius

69 534 216 581 censuerat.
228 524 382 581 Commotus
392 528 478 599 primo
484 526 616 590 Vitellius,
625 543 677 580 non
688 534 774 582 tamen
784 528 861 594 ultra,

70 618 148 674 quam
159 601 284 656 tribunos
294 600 379 673 plebis
389 603 416 656 in
427 601 558 656 auxilium
568 610 671 673 spretae
677 604 810 672 potestatis
818 604 865 657 ad-

70 677 181 732 vocavit.
221 675 295 740 Mox,
310 676 493 749 mitigantibus
507 678 610 742 amicis,
626 679 674 749 qui
685 676 802 732 altiorem
812 680 865 732 ira-

70 752 194 807 cundiam
207 752 267 806 eius
281 751 448 818 verebantur,
464 755 529 806 nihil
538 759 599 807 riori
607 757 741 817 occidisse,
755 770 865 824 respon·

70 826 114 893 dit,
131 831 201 898 quod
215 830 267 880 dao
280 836 409 880 senatores
422 832 450 881 io
462 831 594 895 republica
603 833 782 883 decertarent:
801 832 864 882 soli-

71 911 121 957 tum
130 920 158 957 re
168 907 248 956 etiam
260 903 385 955 Thraseae
395 907 580 957 contradicere.
619 904 731 959 lurisere
744 901 864 975 plerique

71 976 254 1048 inpudentiam
272 975 469 1032 aemulationis:
497 976 557 1032 aliis
575 978 603 1032 id
623 979 713 1049 ipsum
733 978 861 1050 placebat,

72 1051 141 1123 quod
159 1052 296 1107 neminem
310 1068 343 1105 ex
357 1052 579 1123 praepotentibus,
599 1053 646 1107 sed
656 1054 808 1119 Thraseam,
830 1053 863 1108 ad

25 1146 34 1205 Ι
72 1125 205 1199 exemplar
213 1142 291 1181 verae
300 1124 397 1200 gloriae
407 1126 522 1200 legisset.

26 1216 36 1251 r

27 1272 32 1335 '.
122 1278 166 1332 92.
188 1276 376 1346 Praeposuerat
385 1276 555 1348 praetorianis
564 1277 594 1330 P.
608 1275 746 1340 Sabinum,
763 1293 864 1347 aprae-

29 1396 33 1419 ,
72 1348 169 1406 lactura
183 1350 311 1417 cohortis;
332 1349 431 1405 lulium
446 1351 577 1415 Priscum,
598 1358 655 1404 tum
671 1350 861 1405 centurionem.

26 1428 34 1451 ²
71 1424 178 1481 Priscus
190 1424 318 1489 Valentis,
338 1423 453 1480 Sabinus
473 1424 600 1481 Caecinae
618 1426 701 1498 gratia
721 1423 862 1495 pollebant.

71 1500 137 1557 lnter
146 1499 284 1554 discordes
297 1498 401 1555 Vitellio
417 1500 484 1555 nihil
498 1500 666 1554 auctoritatis.
706 1500 797 1553 Muuia
812 1499 865 1552 im·

24 1604 33 1651 ,-
70 1574 254 1647 periiCaeciua
265 1574 394 1630 acValens
404 1575 525 1630 obibant:
541 1574 605 1630 olim
616 1575 687 1629 anxii
698 1573 861 1647 odiis,quae,

27 1664 32 1671 '
70 1650 137 1706 bello
149 1658 177 1706 et
190 1651 284 1705 castris
299 1649 368 1704 male
380 1649 557 1716 dissimulata,
576 1650 692 1721 pravitas
705 1650 861 1715 amicorum,

70 1733 94 1781 et
107 1725 221 1781 fecunda
234 1725 376 1799 gignendis
391 1726 539 1780 inimicitiis
552 1726 644 1780 civitas
659 1732 775 1790 auxerat,
796 1725 862 1779 dum

70 1801 182 1865 ambitu,
198 1801 332 1865 comitatu,
347 1808 373 1854 et
386 1802 515 1855 inmensis
528 1799 699 1854 salutantium
710 1801 862 1874 agminibus

70 1875 231 1931 mnteudunt
240 1885 492 1947 comparanturque,
514 1876 594 1929 variis
608 1877 636 1930 in
649 1876 721 1930 huuc
730 1884 775 1930 aut
784 1876 861 1930 illum

69 1950 167 2007 vitellii
177 1950 403 2006 inclinationibus.
442 1952 496 2004 Nec
506 1968 624 2023 unquam
635 1953 699 2005 satis
710 1951 760 2006 fida
771 1960 863 2022 poten·

69 2026 111 2092 tia,
123 2026 174 2081 ubi
183 2025 268 2080 nimia
279 2033 327 2081 est.
363 2025 448 2080 Simul
459 2026 549 2096 ipsum
559 2025 706 2091 Vitellium,
717 2026 814 2080 subitis
823 2023 863 2078 ol·

70 2099 150 2157 leucis
171 2109 219 2155 aut
232 2101 426 2172 intempestivis
440 2100 574 2155 blanditiis
588 2100 759 2165 mutabilem,
776 2107 863 2154 conte-

69 2176 196 2233 mnebant
214 2176 427 2247 metuebautque.
467 2176 521 2230 Nec
539 2193 569 2231 eo
588 2178 697 2250 segnius
712 2176 864 2229 invaserant

69 2250 170 2317 domos,
186 2251 286 2316 hortos,
301 2268 419 2323 opesque
430 2250 551 2322 imperii:
572 2269 634 2306 cum
644 2249 740 2304 flebilis
749 2256 774 2302 et
784 2265 863 2320 egens

70 2327 201 2383 nobilium
221 2327 308 2390 turba,
329 2344 397 2398 quos
416 2327 488 2397 ipsos
504 2326 654 2397 liberosque
667 2324 766 2396 patriae
780 2322 863 2377 Galba

69 2402 231 2466 reddiderat,
257 2400 329 2454 nulla
348 2401 477 2473 principis
498 2398 679 2455 misericordia
699 2399 861 2454 iuvarentur.

69 2477 181 2533 Gratum
196 2475 359 2547 primoribus
369 2476 492 2539 civitatis,
509 2477 588 2530 etiam
598 2474 689 2545 plebes
699 2472 862 2543 adprobavit,

69 2552 140 2625 quod
155 2552 271 2607 reversis
285 2550 319 2604 ab
332 2549 426 2606 exsilio
439 2551 499 2606 iura
512 2548 674 2608 libertorum
682 2549 881 2606 concessisset·¹

62 2641 224 2693 quamquam
238 2624 271 2677 id
280 2626 357 2680 omni
368 2627 452 2684 modo
465 2628 586 2687 servilia
593 2628 715 2707 ingenia
726 2639 902 2697 conrumpe-

44 2691 924 2776 bertaldidrrewniirperoccuttosautamutuososamus.
