1950 3016
57 191 181 266 nnio.)
275 200 354 248 arn.
373 200 394 249 n
415 201 504 249 car.
525 201 644 249 sa-es.
827 196 860 252 27

57 302 145 358 Pisoni
158 300 290 374 cliuglurn
299 301 382 357 dedit.
417 302 479 358 Piso
488 304 517 358 in
528 303 620 357 aedem
629 304 724 360 Vestae
733 305 859 375 pervasit,

56 385 240 451 exceptusque
253 377 434 432 misericordia
449 377 551 450 publici
567 379 639 433 servi
653 388 678 434 et
687 380 861 435 contubernio

56 454 114 508 eius
125 452 244 517 abditus,
256 468 310 507 non
321 451 448 525 religione
457 470 506 507 nec
515 454 693 519 caerimoniis,
705 454 752 509 sed
763 454 861 509 latebra

55 529 194 583 inminens
213 528 327 582 exitium
347 527 495 583 differebat:
526 545 589 582 cum
608 529 751 595 advenere,
774 531 860 584 missu

56 603 180 668 Othonis,
192 604 352 657 nominatim
363 605 392 657 ln
402 603 509 658 caedem
519 605 578 658 eius
588 604 718 669 ardentes,
725 604 861 676 Sulpicius

56 678 163 743 Florus,
174 677 360 732 obritannicis
370 677 533 744 cohortibus,
545 695 631 750 nuper
641 678 746 734 aGalba
755 682 861 734 civitate

56 754 180 816 donatus,
197 760 223 806 et
236 751 336 807 Statius
346 753 465 818 Murcus,
479 752 641 824 speculator:
663 754 790 828 aquibus
800 772 862 826 pro-

55 836 155 885 tractus
166 826 238 892 Piso,
249 829 278 882 in
290 826 392 883 loribus
401 827 495 899 templi
506 829 660 884 trucidatur.
692 834 695 839 '

110 906 155 958 ts.
177 902 287 957 Nullam
300 903 407 958 caedem
418 902 487 958 Otho
496 905 596 959 maiore
606 903 702 959 laetitia
713 905 860 976 excepisse,

55 974 164 1034 nullum
174 985 255 1049 caput
264 986 318 1033 tam
328 978 527 1033 insatiabilibus
536 979 621 1034 oculis
631 978 807 1051 perlustrasse
819 979 862 1033 di-

55 1056 136 1109 citur:
159 1071 209 1108 seu
219 1061 278 1108 tum
288 1055 408 1125 primum
420 1052 504 1109 lavata
514 1054 860 1110 omnisollicitudinemens

54 1146 150 1184 vacare
169 1128 268 1202 gaudio
287 1136 420 1200 cooperate
446 1146 494 1183 seu
514 1130 657 1185 recordatio
671 1132 816 1185 malestatis
831 1132 860 1184 in

55 1204 291 1269 Galba,amicitiae
301 1203 596 1276 inT.Vinic,quamvis
606 1206 728 1261 inmitem
738 1206 860 1260 animum

54 1281 175 1353 imagine
184 1280 253 1333 tristi
262 1278 429 1334 confuderat:
442 1279 593 1346 Pisonis,ut
602 1281 706 1335 inimici
716 1290 742 1335 et
750 1281 859 1344 aemuli,

55 1355 134 1410 caede
144 1354 246 1419 laetari,
262 1355 306 1408 ius
317 1354 412 1426 fasque
423 1355 554 1409 credebat.
594 1355 712 1409 Praefixa
723 1357 807 1410 contis
818 1372 862 1408 ca-

54 1433 108 1502 pita
118 1429 304 1504 gestabantur,
318 1429 388 1484 inter
397 1430 475 1503 signa
485 1430 644 1494 cohortium,
657 1432 730 1486 iuxta
742 1429 860 1501 aquilam

55 1505 185 1580 legionis:
210 1505 330 1559 certatim
344 1505 538 1560 ostentantibus
553 1512 676 1558 cruentas
690 1522 797 1568 manus,
812 1504 861 1576 qui
883 1500 887 1508 '

55 1581 216 1645 occiderant,
227 1581 275 1651 qui
286 1578 468 1645 interfuerant,
481 1580 530 1652 qui
540 1581 666 1652 vere,qui
677 1578 752 1644 lalsc,
760 1588 789 1634 ut
798 1578 861 1650 pul-

56 1651 152 1710 chrum
163 1662 189 1709 et
198 1654 381 1720 memorabile,
395 1653 497 1709 facinus
508 1655 648 1709 iactabant.
674 1654 766 1710 Plures
776 1674 859 1728 quam

55 1726 129 1785 CXX
141 1729 247 1785 libellos
256 1731 375 1800 praemia
390 1731 601 1800 exposcentium,
612 1729 646 1785 cb
657 1729 774 1802 aliquam
787 1740 860 1786 ncta-

55 1806 137 1860 bilem
147 1804 195 1859 illa
205 1804 249 1858 dle
258 1820 376 1876 operam,
387 1804 511 1861 Vitellius
521 1812 610 1876 postea
621 1806 738 1861 invenit:
752 1824 860 1861 omnes·

55 1896 108 1953 quc
127 1880 253 1951 conquiri
271 1886 297 1934 et
315 1878 428 1934 interlici
448 1881 540 1935 iussit:
562 1898 613 1934 non
635 1880 733 1936 honore
749 1881 857 1947 Galbae,

56 1956 102 2010 sed
122 1955 220 2009 tradito
237 1954 407 2026 principibus
421 1970 504 2020 more,
524 1957 723 2010 munimentum
738 1957 770 2011 ad
783 1974 860 2028 prae-

55 2048 127 2097 sens,
138 2031 168 2084 in
179 2037 315 2101 posterum
328 2029 467 2084 ultionem.

110 2107 153 2161 db.
176 2104 268 2159 Alium
278 2105 398 2159 crederes
409 2111 541 2170 senatum,
554 2103 637 2160 alium
648 2104 788 2177 populum.
803 2106 860 2158 Ru-

55 2196 98 2235 ere
116 2180 208 2235 cuncti
228 2180 256 2234 in
276 2187 371 2245 castra,
391 2180 491 2234 anteire
509 2181 655 2250 proximos,
676 2188 774 2234 certare
797 2196 858 2233 cum

56 2254 301 2326 praecurrentibus,
321 2256 458 2326 increpare
473 2253 596 2320 Galbam,
618 2254 726 2309 laudare
740 2252 858 2308 militum

55 2331 198 2395 iudicium,
211 2329 359 2385 exosculari
369 2328 482 2385 Othonis
491 2346 616 2385 manum:
639 2337 860 2401 quanthnema-

54 2407 97 2479 gis
112 2405 179 2460 lalsa
194 2412 278 2470 erant,
295 2420 364 2476 quae
380 2405 487 2470 fiebant,
503 2413 573 2460 tanto
582 2404 659 2476 plura
672 2403 764 2458 lacere.
805 2406 859 2459 Nec

54 2479 248 2552 aspernabatur
262 2479 383 2553 singulos
392 2479 471 2545 Otho,
488 2480 598 2534 avidum
608 2486 634 2533 et
644 2479 775 2534 minacem
786 2480 860 2534 mili-

55 2564 112 2610 tum
123 2556 247 2610 animum
256 2570 321 2609 voce
331 2554 463 2627 vultuque
471 2562 632 2626 temperans.
672 2553 786 2609 Marium
800 2554 860 2609 Cel-

54 2648 127 2697 sum,
144 2629 284 2686 consulem
298 2629 478 2703 designatum,
493 2637 518 2683 et
528 2628 628 2684 Galbae
637 2644 725 2701 usqne
734 2630 762 2683 in
773 2639 860 2683 extra-

55 2722 114 2762 mas
127 2720 172 2760 ras
187 2705 304 2762 amicum
317 2704 470 2781 fidumque,
486 2703 522 2762 ad
533 2701 710 2781 supplicium
717 2703 879 2778 enposuba-
