1950 3016
109 194 160 249 dil
341 196 392 244 DE
411 196 666 245 ont'routeus

109 301 193 355 mitus
211 297 385 355 salutantium
399 316 449 354 neo
460 299 588 354 anhelans
598 297 711 353 libertus
720 297 828 353 excitet:
848 312 907 364 nee,

109 376 226 429 insertus
237 373 331 440 laturi,
343 384 529 429 testamentum
540 391 589 445 pro
597 374 709 446 pignore
718 373 850 428 scribam:
860 389 911 428 nee

108 449 172 521 plus
183 450 305 515 habeam,
316 466 399 522 wem
408 449 481 521 quod
489 451 602 521 possim,
615 450 659 502 oui
671 447 762 513 velim,
773 446 910 520 relinque-

109 540 148 588 re,
160 524 385 597 quandocumque
398 524 484 578 letalis
494 532 520 578 et
530 536 607 578 meus
616 523 674 578 dies
684 524 782 578 veniet.
822 523 910 577 Statu-

109 616 193 671 arque
203 599 316 665 tumulo,
323 617 376 654 non
386 608 504 654 moestus
514 606 539 652 et
549 607 632 662 atrox,
639 597 686 652 ned
697 597 792 652 hilaris
801 605 829 652 et
837 614 910 653 eoro-

109 683 202 730 natns:
223 683 249 729 et
267 692 316 746 pro
333 674 461 730 memoria
480 675 534 728 mei
553 690 603 728 neo
615 671 737 728 consulat
750 675 907 747 quisquam,

109 766 160 804 nee
171 758 253 822 roget.

166 836 207 888 tt.
228 832 346 888 Vixdum
362 831 466 886 finierat
478 830 623 895 Maternus,
639 830 786 885 aonoitetns
799 838 826 885 et
838 828 909 885 velut

110 909 262 970 instinctus,
279 924 341 961 oum
353 907 498 977 Vipstanus
509 904 620 960 Messala
630 904 788 959 uublautum
798 907 859 959 eius
869 906 910 959 in·

110 998 220 1054 gressus
234 989 282 1045 ant,
298 983 505 1052 suspicatusque
519 997 552 1034 ex
565 981 624 1050 ipsa
632 981 780 1034 intentione
790 980 909 1054 singulo-

110 1072 182 1118 rum,
203 1055 322 1108 altiorem
336 1056 406 1109 inter
419 1072 464 1109 eos
476 1070 535 1108 essa
545 1070 709 1109 sermonem:
730 1055 803 1108 Num
814 1071 907 1126 parum

110 1131 295 1200 tempestivus,
309 1131 407 1201 inquit.
427 1131 569 1194 interveni,
589 1132 719 1184 secretum
730 1130 908 1185 consiliumet

110 1218 220 1259 caussae
230 1204 344 1259 alicuius
355 1205 550 1259 meditationem
560 1203 751 1259 tractantibus?

164 1315 285 1380 Minime,
297 1314 418 1379 minime,
430 1314 519 1385 inquit
529 1312 677 1378 Secundus,
688 1320 770 1385 atqua
778 1312 846 1369 adeo
855 1312 908 1368 vel-

111 1387 162 1443 lem
175 1391 305 1444 maturius
317 1390 514 1443 intervenisses.
527 1387 683 1442 Delectasset
693 1390 803 1457 enimte
813 1398 839 1444 et
847 1388 908 1460 Apri

111 1465 192 1519 nostri
208 1464 427 1519 adcuratissimus
439 1480 536 1528 sermo,
548 1480 610 1518 cum
621 1462 782 1528 Maternum,
794 1473 825 1519 ut
833 1479 909 1520 omne

110 1538 249 1610 ingenium
269 1557 300 1592 ae
319 1539 438 1593 studium
452 1556 533 1592 suum
548 1537 581 1592 ad
594 1555 703 1592 caussas
717 1536 837 1610 agendas
850 1557 909 1594 oon·

110 1621 231 1676 verteret,
243 1613 396 1667 exhortatus
405 1621 454 1677 est,
463 1622 489 1666 et
498 1613 608 1667 Materni
619 1629 666 1684 pro
675 1612 844 1668 carminibus
854 1614 908 1669 auis

110 1684 186 1751 laeta,
195 1696 279 1758 utque
288 1698 377 1759 poetes
387 1686 492 1742 delendi
503 1687 619 1752 decebat,
631 1686 780 1755 audentior,
788 1698 815 1742 et
823 1697 910 1760 poete-

110 1777 171 1813 rum
182 1778 264 1830 (quam
274 1772 406 1817 oratorum
416 1761 539 1827 similior,
550 1763 641 1817 oratio.

165 1868 208 1920 Me
218 1884 289 1932 veru,
301 1871 399 1940 inquit,
410 1877 435 1924 et
445 1886 532 1925 sermo
542 1871 600 1940 ipse
609 1868 856 1942 inlinitavoluptate
864 1869 909 1926 sd-

110 1938 224 2005 lecisset,
236 1952 315 2014 atqm
328 1945 354 1998 id
369 1947 458 2014 ipsum
468 1945 588 2008 deiectat,
598 1946 671 2016 quod
683 1962 740 2008 vos,
752 1948 805 2000 viri
815 1946 909 2018 optimi

110 2024 136 2071 et
150 2026 298 2088 temporum
316 2029 462 2073 nostrornm
477 2029 601 2082 oratores,
622 2028 675 2074 uon
689 2019 843 2076 forensibus
853 2031 910 2076 tan·

109 2099 167 2145 turn
182 2096 294 2165 negotiis
309 2103 333 2146 et
346 2094 531 2148 declamatorio
545 2093 634 2147 studio
648 2096 754 2166 ingania
765 2106 853 2150 vestre
864 2110 910 2151 ex-

110 2168 213 2230 ercetis,
236 2167 282 2220 sed
301 2168 431 2221 eiusmodi
450 2172 528 2222 etiam
545 2169 737 2238 disputationes
756 2170 907 2235 adsumltis,

109 2257 179 2312 quae
189 2250 214 2294 et
227 2242 364 2314 ingenium
376 2242 459 2306 alunt,
474 2251 499 2296 et
508 2244 663 2297 eruditionis
673 2252 698 2296 et
709 2243 856 2299 litterarum
868 2248 909 2299 iu-

110 2315 306 2369 cundissimum
319 2316 539 2371 oblectamentum
556 2335 617 2372 cum
634 2318 720 2383 vobis,
736 2321 785 2390 qui
799 2319 910 2374 illedis-

109 2392 218 2461 putatis,
230 2389 360 2455 adierunt,
372 2393 518 2446 tumeliam
531 2392 582 2456 his,
591 2392 623 2445 ad
633 2408 749 2464 quorum
760 2410 841 2448 aures
851 2408 910 2466 per-

109 2466 239 2518 venerint.
279 2465 370 2537 ltaque
385 2467 495 2520 lleroulo
508 2480 560 2520 non
576 2468 666 2520 atinus
676 2468 782 2538 probari
793 2470 872 2525 video
881 2470 908 2523 in

102 2546 136 2603 to,
157 2538 292 2608 Secunde,
314 2541 398 2616 quod,
419 2541 481 2598 lulli
497 2542 606 2596 Asiatici
618 2543 701 2595 uitam
714 2544 907 2613 mmpoueudq

84 2628 167 2684 spem
190 2617 359 2678 bominibus
382 2621 472 2679 iecisti
490 2619 619 2695 plurium
631 2616 765 2670 eiusmodi
773 2617 921 2678 inmo,

60 2697 165 2757 'quam
177 2695 211 2752 in
224 2698 317 2774 Apro,
335 2702 418 2778 quod
429 2699 566 2759 nondum
575 2712 593 2751 a
603 2688 778 2750 sanotaeuue
786 2702 843 2741 uun
