1950 3016
45 192 63 233 t.
73 192 102 234 e.
114 173 163 250 n.)
235 184 316 231 err.
335 182 382 232 1v.
403 184 493 233 cnr.
514 185 636 234 εις-ετ.
789 182 838 233 tea

45 293 112 348 aaut,
127 302 181 340 non
193 303 221 340 se
233 289 306 339 ultro
319 291 420 355 samem,
432 290 543 340 ituidios
553 290 702 355 tapetes-um,
713 290 839 343 toleratu-

45 379 88 416 ros.
122 361 166 425 tt,
177 362 225 432 qui
236 367 426 424 remanserant,
438 365 551 415 desertos
560 378 587 415 ae
596 365 706 416 abducta
712 372 790 430 porta
800 365 838 415 le-

45 441 151 503 rinamm,
173 436 362 506 querebantur.
402 435 507 506 Duplex
522 436 586 489 hinc
600 435 705 503 sediti03
726 436 839 491 aliisre·

45 511 197 567 accentibus
204 510 341 575 Voculam,
349 510 411 564 aliis
419 511 505 564 redire
514 511 542 564 in
554 519 638 564 castra
648 511 836 566 abnuentibus.

91 589 136 640 36.
167 586 275 639 Interim
294 585 389 639 Civilis
407 586 499 640 Vetera
520 584 701 639 circumsedit.
739 584 839 639 Vocula

45 660 190 715 Jeldubam
201 669 280 731 atque
289 660 352 714 inde
361 662 506 715 Novesium
517 662 655 714 concessit.
692 658 786 715 Civilis
796 677 840 715 ca·

45 738 76 791 rit
89 734 251 791 Geldubam.
292 735 363 799 Mox,
385 734 457 789 haud
472 733 563 805 procul
577 734 704 797 Novesic.
722 733 840 807 equestri

45 811 139 866 ›roelio
153 827 278 881 prospere
291 811 409 864 certavit.
449 808 500 863 Sed
514 809 592 864 miles
604 810 731 865 secundis
745 810 840 864 adver-

45 887 132 955 tisquc
151 885 261 955 perinde
279 885 434 939 inexilium
453 883 552 941 ducum
569 885 766 940 accendebatur.
805 884 840 937 Et

45 960 154 1014 idventu
175 961 365 1030 quintanorum
386 959 733 1033 quintadecimanorumque
747 967 839 1015 auctae

46 1036 167 1107 eginum,
189 1034 344 1089 donativum
357 1043 512 1105 exposcunt,
532 1044 674 1106 comperto,
694 1037 836 1107 pecuniam

45 1128 51 1163 r
61 1108 171 1165 Vitellio
181 1110 302 1163 missam.
342 1110 397 1164 Nec
408 1109 455 1164 diu
466 1119 604 1165 cunctatus
614 1111 779 1166 Hordeonius
790 1128 838 1165 no-

45 1187 113 1241 nine
122 1185 278 1254 Vespasiani
288 1183 367 1239 dedit.
407 1185 490 1257 quue
501 1188 675 1257 praecipuum
686 1186 736 1239 luit
746 1185 838 1239 sediti-

45 1260 97 1315 tnis
108 1258 276 1314 alimentum.
315 1258 400 1312 Ellusi
414 1261 442 1313 in
454 1259 549 1314 luxum
558 1269 584 1314 et
593 1258 686 1330 epulas
696 1269 721 1313 et
731 1269 839 1313 noctur-

45 1352 87 1391 ros
107 1343 208 1407 coetus,
229 1341 343 1388 veterem
364 1337 392 1389 in
412 1334 591 1389 Hordeonium
611 1336 678 1387 iram
700 1341 836 1397 renovant

45 1411 94 1465 Vec
117 1408 174 1463 ullo
198 1407 343 1480 legatorum
373 1409 579 1463 tribunorumve
606 1408 734 1464 obsistere
761 1424 836 1470 auso,

46 1485 150 1557 quippe
164 1500 270 1538 omnem
285 1483 414 1555 pudorem
429 1501 482 1538 nox
495 1482 637 1554 ademerat)
649 1489 811 1554 protractum
824 1497 839 1535 e

45 1559 122 1615 :obiti
141 1558 313 1613 interficiunt.
351 1558 451 1612 Eadem
472 1558 500 1612 in
518 1556 646 1613 Voculam
666 1557 836 1629 parabantur,

45 1635 91 1689 risi
111 1631 203 1688 servili
223 1632 315 1687 babitu
336 1651 382 1704 per
402 1633 523 1687 tenebras
543 1633 680 1706 ignoratus
697 1632 835 1687 evasisset.

45 1709 100 1774 lbi,
120 1708 212 1763 sedato
230 1708 336 1778 inpetu,
357 1717 445 1762 metus
466 1707 557 1762 rediit:
588 1708 756 1762 centuriones
774 1724 838 1761 cum

45 1781 159 1856 epistolis
173 1782 207 1836 ad
220 1782 339 1837 civitates
352 1782 500 1837 Galliarum
514 1784 621 1848 misere,
637 1782 737 1839 auxilia
749 1800 780 1838 ac
789 1783 838 1838 sti-

45 1858 134 1929 aendia
145 1865 274 1912 oraturos.

94 1935 138 1986 3¹1.
159 1932 223 2002 lpsi,
238 1941 268 1985 ut
281 1939 321 1984 est
331 1930 430 2004 vulgus
439 1932 497 1986 sine
507 1940 605 1987 rectore
614 1949 750 2004 praeceps,
760 1932 838 2003 pavi-

45 2008 117 2070 lum‚
129 2023 226 2070 socors,
238 2007 394 2060 adventante
405 2006 498 2071 Civile,
514 2009 596 2078 raptis
607 2015 704 2062 temere
714 2007 797 2060 armis
807 2021 838 2058 ac

45 2082 129 2137 rtatim
139 2082 256 2146 omissis,
267 2083 296 2135 in
307 2079 396 2154 lugam
407 2089 554 2137 vertuntur.
584 2082 636 2136 lies
646 2081 773 2136 adversae
781 2078 838 2131 dis-

45 2155 156 2213 :ordiam
171 2173 305 2227 peperere,
326 2157 369 2220 iis,
390 2157 437 2226 qui
453 2157 614 2227 esuperiore
625 2156 741 2209 exercitu
752 2159 835 2214 erant,

45 2230 473 2287 aussamsuamdissociantihus.
499 2230 598 2286 Vitellii
608 2237 696 2283 umen
706 2227 838 2298 imagines

47 2324 66 2361 n
75 2306 171 2360 castris
182 2313 207 2359 et
217 2323 263 2375 per
272 2306 406 2375 proximas
419 2304 559 2378 Belgarum
569 2304 688 2357 civitates
699 2301 837 2371 repositae,

45 2398 101 2437 tum
111 2382 165 2435 iam
176 2379 299 2435 Vitellius
308 2379 455 2434 occidisset.
483 2381 549 2433 Dein
560 2378 654 2431 mutati
663 2377 691 2429 in
701 2375 838 2446 poeniten-

45 2456 103 2510 iam
118 2455 236 2526 primani
250 2455 427 2526 quartanique
442 2461 467 2507 at
482 2451 734 2514 duodevicesimam,
751 2450 838 2505 Vocu-

45 2548 91 2585 am
111 2536 277 2601 sequuntur:
299 2529 369 2600 apud
384 2545 465 2600 quem
479 2537 615 2598 resumpto
628 2525 843 2596 Vespasiauisa-

45 2612 177 2668 ramento,
198 2604 235 2657 ad
245 2603 416 2660 liberandum
431 2602 600 2679 Magontiaci
612 2601 760 2659 obsidium
776 2598 866 2652 buce-

45 2675 358 2802 fflssfflzisoemmm
377 2680 561 2752 obsessores,
582 2682 702 2816 miqqus
723 2694 767 2735 ex
779 2669 894 2729 astte.
