1950 3016
128 179 177 235 l'lo
363 186 687 234 nrsroursnurr
801 175 930 249 (unm.

124 287 269 337 poscentibus,
279 287 365 327 restitit.
383 287 457 326 Vlctar
466 287 561 335 legiones
570 287 592 325 ln
601 289 673 325 earm
680 285 765 335 recipit.
786 287 820 325 ta.
829 287 862 325 ⁷4.
875 287 929 326 'rre-

124 365 188 393 veros
197 358 219 393 et
226 355 335 402 Lingones
344 355 409 394 elicii
418 356 525 393 admonet.
544 355 577 393 lo.
587 353 663 393 Clrllls
672 357 695 392 et
703 351 813 392 clanim
822 352 850 391 ad
857 352 931 392 Osrla·

123 421 166 460 lem
175 422 257 460 litteras
266 423 360 470 mittunt,
370 422 397 460 ad
407 433 459 470 quas
469 422 504 460 lile
513 421 574 459 nibil.
595 422 628 460 ts.
638 420 714 460 civilis
721 421 877 469 cunctandum,
887 422 931 461 Tu·

123 490 159 527 tor
167 492 190 527 et
197 488 307 528 Classicus
316 491 389 528 stetim
402 489 552 538 pugnandum,
566 491 671 527 statuunt.
694 489 725 527 ll.
735 488 769 527 ts.
782 487 855 527 Atrox
866 498 921 536 prce

123 556 184 602 llum,
194 566 236 604 quo
247 556 343 603 Cerialis,
357 558 418 594 lnltio
427 557 508 602 victus,
521 566 573 594 mox
582 557 652 594 victor
660 559 731 594 castra
739 557 836 594 bostium
844 558 931 594 exscin-

124 623 162 661 dlt.
181 626 213 662 79.
222 624 390 673 Agrippinenses
400 634 412 661 a
422 623 533 662 Gennanlu
542 623 671 662 desciscunt.
693 623 726 662 80.
737 622 852 661 nummus
861 622 930 662 Vitel-

123 689 228 741 lllilllum
240 692 348 730 interficit.
370 690 478 729 Antonius
490 691 585 738 Primus,
603 689 630 727 ad
642 688 800 738 Vespasianum
812 690 923 738 proiectus

123 768 167 796 non
179 769 218 807 pro
232 770 270 806 spe
282 760 396 807 excipitur·
423 759 455 797 81.
468 759 543 796 Multis
556 757 665 795 miraculis
675 756 773 794 coelestis
782 757 806 794 ln
814 756 931 815 llespula·

123 835 176 863 num
188 826 249 864 lator
261 830 369 864 ostensus.
395 826 443 874 lpse
456 826 566 864 oculorum
579 825 629 863 tabe
640 826 725 870 notum,
738 823 806 862 allum
818 833 885 863 manu
895 834 928 863 aa·

124 903 193 940 grum,
203 893 290 931 sanitati
299 894 400 931 restitnit.
418 893 451 931 82.
462 891 603 931 Conflrmetur
612 891 682 930 omine
691 891 713 929 ln
722 891 803 939 templo
813 890 929 940 scrupulis.

124 960 184 997 culus
210 960 243 997 83.
253 960 285 997 84.
297 960 358 1006 origo
368 959 503 1006 Sinopensis,
517 959 619 1006 templum
628 956 773 997 Alexandriae
782 959 928 1006 magnificum,

123 1035 209 1064 nornen.
231 1026 263 1062 85.
273 1025 399 1063 Valentinus
408 1025 513 1074 supplicio
522 1026 627 1064 adlectus.
649 1025 681 1063 so.
695 1024 839 1071 Domitianus,
849 1026 930 1064 frustm

123 1092 205 1128 tentato
219 1089 312 1138 Ceriale,
330 1101 357 1129 an
371 1093 412 1130 sibl
425 1093 542 1131 exercitum
558 1093 712 1140 imperiumque
727 1092 848 1131 traditurus
865 1092 927 1138 torel,

123 1158 242 1196 litterarum
251 1158 347 1197 studium
356 1162 378 1198 et
386 1169 481 1198 amorem
490 1162 607 1199 carminum
616 1160 709 1198 simulat.

174 1224 241 1264 (lesia
249 1227 302 1264 hoec
311 1228 388 1275 partlm
397 1228 472 1266 eodem
481 1238 544 1276 anno,
560 1229 637 1277 partlm
646 1229 697 1275 irnp.
715 1226 773 1274 resp.
787 1229 871 1272 imm,
883 1226 928 1266 lito

117 1293 166 1342 fillo
180 1304 232 1334 eost.

181 1382 204 1433 l.
234 1369 383 1434 Interfecto
402 1380 528 1444 Vitellio,
558 1379 663 1434 bellum
685 1379 775 1452 magis
788 1375 925 1445 desierat,

122 1471 206 1525 quam
222 1471 277 1524 pax
290 1464 425 1526 coeperat.
452 1455 556 1511 Armati
570 1471 619 1526 per
633 1455 732 1508 urbem
746 1454 868 1510 victores
883 1456 927 1511 in·

122 1529 255 1600 placabili
269 1531 333 1584 odio
351 1531 438 1585 victos
452 1530 688 1585 consectabantur.
714 1529 816 1584 Plenas
831 1531 926 1586 caedi-

122 1604 175 1658 bus
187 1605 258 1668 viae,
275 1613 386 1659 cruenta
398 1604 453 1659 lora
465 1606 633 1677 templaque,
649 1605 754 1676 passim
767 1605 924 1671 trucidatis,

123 1686 154 1732 ut
175 1694 315 1749 quemque
335 1678 389 1732 iors
411 1679 558 1735 obtulerat.
596 1679 635 1734 Ac
655 1697 733 1744 mox,
759 1692 925 1753 augescente

123 1752 248 1814 lieentia,
270 1755 386 1807 scrutari
409 1771 440 1808 ac
463 1755 622 1827 protrahere
643 1753 764 1810 abditos:
792 1756 818 1810 si
841 1773 925 1828 quem

121 1843 267 1897 procerum
287 1827 384 1882 habitu
400 1846 431 1882 ac
448 1831 560 1884 iuventa
575 1837 788 1902 conspexerunt.
809 1831 926 1887 obtrun-

123 1917 195 1965 care,
207 1901 284 1956 nullo
294 1902 414 1957 militum
424 1905 576 1976 autpopuli
586 1903 757 1959 discrimine.
776 1903 854 1971 Quae
864 1924 925 1962 sae-

122 1975 204 2040 vitia,
226 1977 384 2031 recentibus
399 1978 486 2044 odiis,
508 1981 643 2053 sanguine
659 1980 837 2051 explebatur,
859 1981 924 2036 dein

122 2060 240 2106 verterat
259 2053 287 2106 in
304 2054 458 2108 avaritiam.
490 2055 565 2110 Nihil
586 2072 704 2127 usquam
724 2063 864 2110 secretum
879 2065 924 2112 aut

122 2126 248 2181 clausum
265 2127 408 2194 sinebant,
424 2130 586 2186 Vitellianos
600 2125 733 2184 occultari
748 2130 922 2187 simulantes.

120 2201 234 2256 initium
250 2201 279 2256 id
294 2203 553 2277 perfringendarum
569 2205 716 2273 domuum;
735 2205 794 2269 vel,
814 2207 839 2260 si
855 2208 924 2262 resi-

122 2285 252 2342 steretur,
279 2294 376 2333 caussa
396 2279 504 2346 caedis,
540 2296 591 2334 nec
612 2280 706 2334 deerat
725 2281 922 2352 egentissimus

121 2351 242 2422 quisque
253 2369 288 2406 ex
297 2353 392 2424 plebe:
404 2363 430 2409 et
440 2356 555 2425 pessimi
566 2355 741 2409 servitiorum
751 2355 870 2426 prodere
880 2358 924 2412 ul-

121 2434 163 2480 tro
183 2424 254 2481 dites
274 2427 413 2483 dominos:
446 2429 494 2483 olii
515 2429 550 2483 ab
569 2430 666 2484 amicis
690 2431 921 2487 monstrabantur.

121 2500 231 2572 Ubique
247 2502 374 2568 lamenta,
387 2504 616 2559 conclamationes
631 2511 658 2558 et
672 2503 758 2560 forma
768 2516 866 2579 captae
877 2524 923 2561 ur·

105 2574 171 2629 his:
183 2576 255 2632 adeo
267 2587 298 2635 ut
308 2577 923 2652 OthonianiVitellianiquemilitisiuridiosa

91 2658 178 2705 antea
192 2657 360 2726 petulentia
382 2659 610 2719 desideraretur.
631 2657 730 2711 buces
742 2654 881 2734 perduint
894 2668 940 2731 ey·

76 2724 240 2788 cerdendo
250 2736 340 2799 civili
351 2725 961 2811 bello‚acres,tempennuaeneumen-
