1950 3016
135 203 182 254 tat
372 200 696 254 maronianum
795 195 934 270 (snare

132 307 189 372 lile,
201 315 232 362 ut
249 308 348 380 cuique
361 309 525 380 proximum,
539 308 637 362 vastari
645 307 728 362 Ubios
738 306 933 380 Treverosque,

132 390 158 437 et
171 381 251 437 aliam
264 400 376 438 manum
392 385 493 438 Mosam
502 400 608 437 amnem
619 383 732 437 bansire
740 383 825 447 iubet,
836 391 869 437 ot
878 384 936 437 lde-

132 459 225 529 napios
235 465 261 512 et
270 459 385 514 Morinos
395 467 421 513 et
430 466 545 512 extrema
552 457 700 512 Galliarum
710 464 839 530 quateret.
854 456 935 511 Actae

131 533 275 605 utrobique
284 533 409 605 praedae;
431 532 555 587 infestius
570 533 598 586 in
608 532 695 598 Ubiis,
707 532 780 605 quod
788 548 856 606 gens
867 533 935 587 Ger-

131 610 252 662 manicao
265 610 386 682 originis,
402 609 501 662 eiurata
515 608 609 679 patria,
625 607 806 662 Romanorum
822 623 931 672 nornen,

131 681 351 757 Agrippinenses,
365 691 530 738 vocarentur.
564 681 789 737 Caesaeoohones
799 698 894 736 eorum
903 681 932 735 in

131 758 191 813 vioo
204 759 368 822 Marcoduro,
384 759 547 812 incuriosius
560 765 676 830 agentes,
692 759 756 829 quia
769 757 863 829 procul
874 758 932 827 ripa

131 832 248 887 aberant.
278 834 333 887 Nec
342 833 468 904 quievere
477 832 548 897 Ubii,
560 834 707 903 quominus
715 830 828 903 praedas
840 832 932 887 ellor-

131 909 220 962 mania
243 915 374 978 peterent:
409 909 497 978 primo
520 908 634 978 inpune3
669 907 731 961 dein
754 904 931 961 circumventi

132 990 207 1049 sunt;
229 998 276 1052 per
290 998 369 1035 omno
382 982 410 1035 id
420 981 522 1036 bellum
532 982 641 1037 meliore
654 983 699 1037 usi
711 981 771 1047 fide,
783 998 868 1053 quam
879 980 932 1035 ior-

131 1063 204 1109 tuna.
242 1055 366 1110 Contnsis
376 1057 462 1122 Ubiis,
474 1059 580 1129 gravior
589 1064 615 1111 et
624 1074 750 1112 successu
760 1074 853 1111 rerum
864 1055 932 1111 lero-

129 1131 184 1184 cior
197 1129 302 1194 Civilis,
317 1131 452 1185 obsidium
467 1131 603 1205 legionum
617 1132 742 1205 urgebat:
764 1133 875 1185 intentis
884 1148 930 1185 cu·

130 1203 232 1269 stodiis,
240 1222 274 1258 ne
283 1206 346 1275 quis
355 1206 475 1261 occultus
486 1208 597 1262 nuntius
602 1208 733 1261 venientis
743 1206 839 1261 auxilii
849 1222 929 1277 pene·

129 1286 217 1334 tranet.
257 1280 394 1335 Machinas
408 1281 560 1354 molemque
572 1297 684 1352 opernm
695 1282 801 1335 Batavis
811 1281 926 1354 delegat:

129 1353 360 1420 Transrhenanos,
380 1356 510 1427 proelium
529 1357 675 1427 poscentis,
696 1355 728 1410 ad
751 1356 927 1410 scindendum

129 1429 230 1483 vallum
244 1430 294 1495 ire,
310 1430 487 1502 detrusosque
499 1431 677 1502 redintegrare
690 1437 824 1484 certamen
839 1430 925 1498 iubet3

129 1513 271 1574 superante
284 1505 455 1560 multitudine
467 1513 493 1560 et
506 1503 576 1559 facili
586 1504 693 1560 damno.
733 1505 788 1559 Nec
797 1505 880 1560 linem
892 1504 928 1558 la-

127 1578 185 1634 hori
194 1596 248 1633 nox
257 1579 360 1633 adtulit.

182 1656 225 1710 29.
255 1652 395 1725 Congestis
414 1653 514 1707 circum
536 1652 617 1726 lignis
635 1654 823 1726 ascensisque,
846 1653 927 1710 simul

128 1726 282 1798 epulantes,
302 1729 466 1798 utquisque
486 1728 549 1782 vino
568 1728 726 1793 incaluerat,
750 1729 783 1782 ad
807 1744 927 1804 pugnam

128 1802 272 1855 temeritate
294 1801 368 1855 inani
391 1801 550 1857 ferebantur.
599 1800 707 1875 Quippe
729 1804 850 1875 ipsorum
877 1804 927 1859 tela

127 1892 174 1946 por
189 1875 310 1929 tenebras
329 1892 412 1932 vana:
432 1877 543 1931 Romani
563 1879 734 1949 conspicuam
753 1878 926 1934 barbarorum

127 1949 221 2013 aciem,
237 1958 271 2014 et,
283 1951 379 2022 siquis
390 1951 499 2006 audacia
513 1961 559 2006 aut
568 1953 722 2026 insignibus
736 1952 878 2027 effulgens,
894 1952 927 2009 ud

126 2026 210 2080 ictum
219 2024 395 2080 destinabant.
428 2026 591 2081 intellectum
602 2029 630 2083 id
640 2025 735 2082 Civili:
757 2035 791 2091 et,
803 2029 927 2082 restincto

126 2101 198 2173 igne,
220 2101 326 2154 misceri
345 2110 438 2155 cuncta
458 2101 573 2156 tenebris
593 2111 619 2157 et
635 2104 718 2155 armis
731 2100 815 2155 iubet.
857 2104 925 2156 Turn

128 2190 189 2230 vero
208 2176 333 2244 strepitus
347 2174 459 2239 dissoni,
479 2192 558 2229 casus
573 2177 676 2239 incerti,
697 2192 786 2247 neque
802 2175 923 2242 feriendi,

127 2265 214 2320 neque
226 2248 374 2303 declinandi
385 2249 558 2320 providentia.
593 2251 667 2305 Unde
677 2251 775 2305 clamor
785 2252 923 2316 acciderat,

125 2325 305 2394 circumagere
322 2341 439 2394 corpora,
462 2323 568 2378 tendere
583 2342 669 2379 arcus.
710 2325 782 2379 Nihil
799 2327 926 2396 prodesse

125 2399 221 2462 virtus,
243 2398 295 2452 iors
308 2408 401 2452 cuncta
416 2399 537 2462 turbare,
560 2407 585 2452 et
599 2401 757 2472 ignavorum
772 2418 854 2471 saepe
867 2403 925 2458 telis

125 2471 263 2526 fortissimi
286 2472 387 2527 eadere.
427 2473 506 2542 Apud
531 2473 677 2529 Germanos
700 2476 851 2530 inconsulta
870 2479 922 2533 ira:

119 2546 259 2601 Romanus
272 2546 360 2613 miles,
382 2547 562 2620 periculorum
576 2565 687 2621 gnarus,
708 2549 816 2604 ferratas
831 2553 922 2616 sudes,

101 2623 204 2690 gravia
214 2641 294 2691 saxa,
306 2642 362 2682 non
375 2623 443 2682 lortc
452 2623 578 2681 iaciebat.
595 2623 935 2685 bbisonusmot'xentmm,

91 2703 143 2748 ant
151 2698 305 2772 adpositae
313 2704 411 2762 scalae
420 2703 537 2762 hostem
545 2701 579 2756 in
586 2715 693 2756 manus
700 2691 954 2760 emansores&

956 2798 967 2812 N
