1950 3016
137 206 184 258 itu
371 206 696 254 urssonrnnuu
796 198 931 273 (unsre.
960 268 966 279 ,

132 325 231 381 rosque
240 308 292 362 sibi
302 308 378 374 lidos,
389 311 507 381 apertius
517 309 629 364 monuit.
663 306 932 379 liqueomnesdele·

132 386 273 439 stinatione
287 386 369 439 Primi
382 402 413 439 sc
423 386 484 439 Vari
497 386 614 449 sinistre,
634 390 662 438 et
672 384 798 438 liucisno
807 382 930 449 ιοιιιιιίι,

131 462 300 529 rescripsere.
338 459 443 525 Quibus
453 459 573 530 epistolis
583 459 746 528 Vespasiano
756 456 932 523 missimclle·

133 542 212 598 cerat,
224 541 254 588 ut
269 551 320 588 non
331 551 380 605 pro
392 551 439 604 spe
450 533 559 589 Antonii
569 533 680 589 consilia
690 531 813 605 laetaque
821 533 882 587 eius
890 548 932 587 ιι·

131 611 312 664 elimarentur.

187 687 230 738 its.
242 685 328 756 Aegre
336 682 365 736 ιιι
373 683 428 753 patr
439 681 579 747 Antonius,
585 690 610 735 et
619 681 745 753 culpem
737 699 766 735 ιιι
776 681 930 736 Mucianum

132 758 265 822 conferre,
289 760 367 811 cuius
385 757 616 811 criminationibus
636 756 797 810 eviluissent
813 754 930 827 psrimtle

131 850 191 887 sua.
231 834 285 885 Nec
299 832 468 885 sermonibus
483 831 653 902 temperabat
664 831 817 885 inmodicus
828 830 928 903 lingue
960 846 964 891 i

131 906 425 976 etobsequiiinsolens.
456 907 567 959 Litteras
576 906 610 958 ιιι
620 905 815 975 Vespasianum
824 921 931 975 compo-
959 898 963 911 “

132 982 196 1042 suit,
207 981 347 1033 iactantius
358 996 439 1050 quam
450 980 484 1033 ad
492 981 650 1050 principem,
663 996 712 1033 nec
721 980 782 1033 sins
790 979 893 1034 occulta
902 979 930 1033 in

130 1054 286 1107 Marcianum
301 1054 484 1107 insectatione:
504 1072 532 1106 se
545 1056 709 1108 Pannonicus
723 1057 836 1122 leqionss
845 1058 875 1108 in
884 1070 930 1108 ur*

130 1133 276 1195 mceqisse:
297 1132 352 1180 suis
360 1131 472 1181 stimulis
481 1130 698 1183 excitoslioesiue
706 1133 931 1183 duceremucmr·

130 1207 229 1256 stantia
240 1210 381 1268 perruptas
395 1204 480 1269 Alpes,
496 1213 648 1270 occupatam
660 1204 776 1265 ltaliam,
790 1207 931 1271 intersepta

133 1277 322 1332 Gerasenorum
342 1278 546 1346 libertorumque
555 1281 669 1330 auxilia.
709 1278 785 1342 Quod
796 1282 931 1332 discordes

130 1357 311 1420 dispersosque
325 1353 420 1404 Vitellii
430 1355 541 1420 leqioues
553 1356 665 1421 equestri
672 1354 798 1419 procelle,
812 1369 877 1406 mom
885 1368 931 1421 pe·

129 1432 213 1481 ditum
222 1432 258 1489 oi,
267 1443 316 1493 per
328 1430 395 1479 diem
408 1436 555 1494 noctemque
563 1431 680 1495 fudisset,
691 1431 720 1479 iti
727 1430 930 1494 pulcherrimum

130 1512 154 1556 et
164 1507 206 1556 sui
218 1506 311 1570 operis.
338 1501 432 1555 Gmum
444 1501 656 1554 Cremonnebello
666 1505 847 1568 inputandum.
870 1503 930 1557 Μι-

130 1580 185 1630 iore
194 1582 296 1638 damno,
302 1578 420 1642 plurium
429 1579 533 1628 urbium
543 1580 654 1629 excidiis
663 1585 760 1629 veteres
770 1580 931 1631 ciuiumtlis·

131 1656 235 1704 cordius
245 1653 403 1716 reipublicae
412 1655 518 1703 stetisse.
530 1651 589 1703 Non
597 1667 624 1702 se
636 1654 736 1703 nuntiis
744 1667 826 1718 neque
835 1655 930 1719 epieto-

131 1728 173 1785 lis,
188 1729 233 1777 scd
246 1741 325 1776 manu
339 1732 364 1776 ct
378 1730 460 1777 armis
474 1729 627 1791 imperatori
639 1741 686 1777 suo
699 1727 830 1778 militare:
850 1742 931 1794 neque

130 1801 232 1866 officere
240 1801 341 1865 pieriae
354 1814 450 1860 eorum,
464 1804 510 1867 qui
521 1801 610 1852 Asiam
619 1802 722 1852 interim
733 1804 930 1867 composuerint.

130 1872 189 1925 litis
198 1873 312 1927 Moesiae
319 1889 417 1938 paceni,
431 1876 483 1925 sibi
491 1877 600 1926 salutem
611 1878 826 1942 securitatemque
836 1876 931 1929 ltciiue

131 1952 204 2003 cordi
217 1952 303 2016 [uisse.
343 1946 405 2000 Suis
419 1951 641 2001 exhortationibus
657 1948 761 2002 Gallius
775 1950 931 2016 Hispanias-

130 2040 187 2093 que,
207 2025 395 2075 oalitiissimam
415 2031 546 2075 terrarum
556 2032 666 2089 partem,
686 2027 722 2076 ud
746 2024 931 2090 Vespasium

130 2114 274 2152 emeoersus.
309 2096 359 2150 Sed
370 2102 490 2151 cecidisse
503 2101 530 2149 in
540 2102 649 2150 inritum
659 2101 766 2160 iuberes,
778 2104 803 2152 si
810 2103 931 2166 pruentia

127 2175 305 2242 periculorum
318 2175 367 2224 soli
381 2176 565 2240 adsequentur,
581 2178 627 2241 qui
637 2176 764 2240 periculis
776 2178 931 2242 nonadsue·

129 2253 193 2301 rint.
231 2246 286 2299 Nec
297 2245 411 2301 lelellere
421 2264 450 2301 ea
461 2248 624 2301 Mucianum.
655 2247 718 2300 lnde
727 2264 824 2319 graves
833 2247 930 2303 simul·

129 2330 210 2376 tates:
240 2338 309 2393 quas
329 2320 460 2377 Antonius
479 2322 640 2392 simplicius,
660 2322 803 2377 Mucianus
824 2323 928 2387 esitius,

131 2412 215 2468 eoque
225 2396 422 2467 inplacabilius,
434 2398 575 2452 nutriebat.

186 2473 229 2524 tt.
249 2472 284 2525 At
302 2472 438 2535 Vitellius,
460 2471 548 2525 iractis
568 2470 640 2540 spud
659 2470 817 2525 Cremonam
838 2472 927 2535 rebus,

131 2546 239 2599 nuntios
248 2545 331 2599 cledis
341 2547 485 2610 occultans
501 2546 580 2599 stulta
590 2546 804 2600 dissimulatione
813 2546 929 2601 remedie

113 2622 374 2690 potiusmelorum,
387 2621 565 2699 quammala,
538 2621 722 2675 absumebat
755 2619 930 2687 uniusm-

105 2694 200 2753 lr'tenti
220 2701 459 2783 consultantique
472 2704 716 2777 supereruntspes
725 2691 873 2757 ιιιιιιιιιιιιι·
889 2702 955 2739 m
