<?xml version="1.0" encoding="UTF-8"?>
<!DOCTYPE html PUBLIC "-//W3C//DTD XHTML 1.0 Transitional//EN"
    "http://www.w3.org/TR/xhtml1/DTD/xhtml1-transitional.dtd">
<html xmlns="http://www.w3.org/1999/xhtml" xml:lang="en" lang="en">
 <head>
  <title>
</title>
<meta http-equiv="Content-Type" content="text/html;charset=utf-8" />
  <meta name='ocr-system' content='tesseract 3.04.00' />
  <meta name='ocr-capabilities' content='ocr_page ocr_carea ocr_par ocr_line ocrx_word'/>
</head>
<body>
  <div class='ocr_page' id='page_1' title='image "./ccorneliitaciti00weisgoog_0320.png"; bbox 0 0 1950 3016; ppageno 0'>
   <div class='ocr_carea' id='block_1_1' title="bbox 249 199 864 254">
    <p class='ocr_par' dir='ltr' id='par_1_1' title="bbox 249 199 864 254">
     <span class='ocr_line' id='line_1_1' title="bbox 249 199 864 254; baseline 0.007 -5"><span class='ocrx_word' id='word_1_1' title='bbox 249 202 456 251; x_wconf 70' lang='lat' dir='ltr'>marbodus.</span> <span class='ocrx_word' id='word_1_2' title='bbox 477 205 557 252; x_wconf 79' lang='lat' dir='ltr'>CAP.</span> <span class='ocrx_word' id='word_1_3' title='bbox 577 205 620 253; x_wconf 82' lang='lat' dir='ltr'>tt.</span> <span class='ocrx_word' id='word_1_4' title='bbox 641 206 682 254; x_wconf 79' lang='lat' dir='ltr'>ts.</span> <span class='ocrx_word' id='word_1_5' title='bbox 815 199 864 253; x_wconf 81' lang='lat' dir='ltr'>3l&#39;l</span> 
     </span>
    </p>
   </div>
   <div class='ocr_carea' id='block_1_2' title="bbox 64 303 865 530">
    <p class='ocr_par' dir='ltr' id='par_1_2' title="bbox 64 303 865 530">
     <span class='ocr_line' id='line_1_2' title="bbox 64 303 865 381; baseline 0.004 -21"><span class='ocrx_word' id='word_1_6' title='bbox 64 322 117 360; x_wconf 90' lang='lat' dir='ltr'>non</span> <span class='ocrx_word' id='word_1_7' title='bbox 130 303 215 360; x_wconf 86' lang='lat' dir='ltr'>video.</span> <span class='ocrx_word' id='word_1_8' title='bbox 256 304 335 370; x_wconf 89' lang='lat' dir='ltr'>Nam,</span> <span class='ocrx_word' id='word_1_9' title='bbox 356 312 386 359; x_wconf 92' lang='lat' dir='ltr'>ut</span> <span class='ocrx_word' id='word_1_10' title='bbox 399 305 433 359; x_wconf 93' lang='lat' dir='ltr'>de</span> <span class='ocrx_word' id='word_1_11' title='bbox 447 303 572 361; x_wconf 80' lang='lat' dir='ltr'>Cicerone</span> <span class='ocrx_word' id='word_1_12' title='bbox 585 308 645 378; x_wconf 87' lang='lat' dir='ltr'>ipso</span> <span class='ocrx_word' id='word_1_13' title='bbox 656 306 759 381; x_wconf 84' lang='lat' dir='ltr'>loquar,</span> <span class='ocrx_word' id='word_1_14' title='bbox 779 308 865 363; x_wconf 84' lang='lat' dir='ltr'>Hirtio</span> 
     </span>
     <span class='ocr_line' id='line_1_3' title="bbox 64 379 865 454; baseline 0 -18"><span class='ocrx_word' id='word_1_15' title='bbox 64 396 161 451; x_wconf 81' lang='lat' dir='ltr'>nempe</span> <span class='ocrx_word' id='word_1_16' title='bbox 171 387 196 434; x_wconf 91' lang='lat' dir='ltr'>et</span> <span class='ocrx_word' id='word_1_17' title='bbox 205 380 292 434; x_wconf 86' lang='lat' dir='ltr'>Pansa</span> <span class='ocrx_word' id='word_1_18' title='bbox 301 397 382 445; x_wconf 83' lang='lat' dir='ltr'>coss,</span> <span class='ocrx_word' id='word_1_19' title='bbox 393 387 423 434; x_wconf 92' lang='lat' dir='ltr'>ut</span> <span class='ocrx_word' id='word_1_20' title='bbox 433 379 494 436; x_wconf 87' lang='lat' dir='ltr'>Tiro</span> <span class='ocrx_word' id='word_1_21' title='bbox 504 379 616 436; x_wconf 89' lang='lat' dir='ltr'>libertus</span> <span class='ocrx_word' id='word_1_22' title='bbox 626 382 685 437; x_wconf 89' lang='lat' dir='ltr'>eius</span> <span class='ocrx_word' id='word_1_23' title='bbox 695 384 810 454; x_wconf 81' lang='lat' dir='ltr'>scripsit,</span> <span class='ocrx_word' id='word_1_24' title='bbox 817 384 865 437; x_wconf 90' lang='lat' dir='ltr'>Vll</span> 
     </span>
     <span class='ocr_line' id='line_1_4' title="bbox 64 455 865 530; baseline 0.002 -20"><span class='ocrx_word' id='word_1_25' title='bbox 64 455 129 510; x_wconf 88' lang='lat' dir='ltr'>Idus</span> <span class='ocrx_word' id='word_1_26' title='bbox 139 455 262 509; x_wconf 88' lang='lat' dir='ltr'>Decemb.</span> <span class='ocrx_word' id='word_1_27' title='bbox 273 455 377 510; x_wconf 88' lang='lat' dir='ltr'>oeoisus</span> <span class='ocrx_word' id='word_1_28' title='bbox 388 462 437 519; x_wconf 86' lang='lat' dir='ltr'>est,</span> <span class='ocrx_word' id='word_1_29' title='bbox 453 472 508 528; x_wconf 90' lang='lat' dir='ltr'>quo</span> <span class='ocrx_word' id='word_1_30' title='bbox 518 473 588 511; x_wconf 88' lang='lat' dir='ltr'>anno</span> <span class='ocrx_word' id='word_1_31' title='bbox 596 457 623 510; x_wconf 95' lang='lat' dir='ltr'>d.</span> <span class='ocrx_word' id='word_1_32' title='bbox 639 455 777 530; x_wconf 89' lang='lat' dir='ltr'>Augustus</span> <span class='ocrx_word' id='word_1_33' title='bbox 786 458 816 511; x_wconf 91' lang='lat' dir='ltr'>in</span> <span class='ocrx_word' id='word_1_34' title='bbox 827 458 865 513; x_wconf 91' lang='lat' dir='ltr'>lo-</span> 
     </span>
    </p>
   </div>
   <div class='ocr_carea' id='block_1_3' title="bbox 62 529 904 2702">
    <p class='ocr_par' dir='ltr' id='par_1_3' title="bbox 63 529 868 2385">
     <span class='ocr_line' id='line_1_5' title="bbox 64 529 863 598; baseline -0.001 -12"><span class='ocrx_word' id='word_1_35' title='bbox 64 547 128 586; x_wconf 87' lang='lat' dir='ltr'>cum</span> <span class='ocrx_word' id='word_1_36' title='bbox 146 531 248 584; x_wconf 79' lang='lat' dir='ltr'>Pansae</span> <span class='ocrx_word' id='word_1_37' title='bbox 267 537 292 584; x_wconf 91' lang='lat' dir='ltr'>et</span> <span class='ocrx_word' id='word_1_38' title='bbox 310 529 389 584; x_wconf 84' lang='lat' dir='ltr'>Hirtii</span> <span class='ocrx_word' id='word_1_39' title='bbox 408 547 438 584; x_wconf 93' lang='lat' dir='ltr'>se</span> <span class='ocrx_word' id='word_1_40' title='bbox 457 538 483 584; x_wconf 89' lang='lat' dir='ltr'>et</span> <span class='ocrx_word' id='word_1_41' title='bbox 496 529 528 598; x_wconf 86' lang='lat' dir='ltr'>Q.</span> <span class='ocrx_word' id='word_1_42' title='bbox 541 531 652 586; x_wconf 87' lang='lat' dir='ltr'>Pedium</span> <span class='ocrx_word' id='word_1_43' title='bbox 667 549 735 586; x_wconf 86' lang='lat' dir='ltr'>coss.</span> <span class='ocrx_word' id='word_1_44' title='bbox 751 531 863 586; x_wconf 77' lang='lat' dir='ltr'>suffecit.</span> 
     </span>
     <span class='ocr_line' id='line_1_6' title="bbox 63 605 866 679; baseline -0.001 -19"><span class='ocrx_word' id='word_1_45' title='bbox 63 605 155 660; x_wconf 78' lang='lat' dir='ltr'>Statue</span> <span class='ocrx_word' id='word_1_46' title='bbox 164 605 200 660; x_wconf 88' lang='lat' dir='ltr'>VI</span> <span class='ocrx_word' id='word_1_47' title='bbox 209 605 264 659; x_wconf 91' lang='lat' dir='ltr'>etL</span> <span class='ocrx_word' id='word_1_48' title='bbox 275 605 476 677; x_wconf 87' lang='lat' dir='ltr'>annos,quibus</span> <span class='ocrx_word' id='word_1_49' title='bbox 486 622 549 661; x_wconf 86' lang='lat' dir='ltr'>mox</span> <span class='ocrx_word' id='word_1_50' title='bbox 559 605 639 661; x_wconf 88' lang='lat' dir='ltr'>divus</span> <span class='ocrx_word' id='word_1_51' title='bbox 647 605 785 679; x_wconf 87' lang='lat' dir='ltr'>Augustus</span> <span class='ocrx_word' id='word_1_52' title='bbox 796 623 866 660; x_wconf 91' lang='lat' dir='ltr'>rem-</span> 
     </span>
     <span class='ocr_line' id='line_1_7' title="bbox 64 679 866 754; baseline -0.004 -18"><span class='ocrx_word' id='word_1_53' title='bbox 64 679 202 753; x_wconf 81' lang='lat' dir='ltr'>publicam</span> <span class='ocrx_word' id='word_1_54' title='bbox 215 679 298 748; x_wconf 81' lang='lat' dir='ltr'>rexit3</span> <span class='ocrx_word' id='word_1_55' title='bbox 319 679 404 737; x_wconf 90' lang='lat' dir='ltr'>adiice</span> <span class='ocrx_word' id='word_1_56' title='bbox 416 681 515 735; x_wconf 91' lang='lat' dir='ltr'>Tiberii</span> <span class='ocrx_word' id='word_1_57' title='bbox 530 688 582 734; x_wconf 90' lang='lat' dir='ltr'>tres</span> <span class='ocrx_word' id='word_1_58' title='bbox 597 689 622 735; x_wconf 91' lang='lat' dir='ltr'>et</span> <span class='ocrx_word' id='word_1_59' title='bbox 632 682 738 754; x_wconf 86' lang='lat' dir='ltr'>viginti,</span> <span class='ocrx_word' id='word_1_60' title='bbox 750 689 776 735; x_wconf 88' lang='lat' dir='ltr'>et</span> <span class='ocrx_word' id='word_1_61' title='bbox 784 697 866 752; x_wconf 83' lang='lat' dir='ltr'>prope</span> 
     </span>
     <span class='ocr_line' id='line_1_8' title="bbox 64 753 867 828; baseline -0.004 -17"><span class='ocrx_word' id='word_1_62' title='bbox 64 755 274 828; x_wconf 75' lang='lat' dir='ltr'>quadriennium</span> <span class='ocrx_word' id='word_1_63' title='bbox 289 753 356 820; x_wconf 88' lang='lat' dir='ltr'>Caii,</span> <span class='ocrx_word' id='word_1_64' title='bbox 372 771 403 808; x_wconf 89' lang='lat' dir='ltr'>ac</span> <span class='ocrx_word' id='word_1_65' title='bbox 418 755 461 808; x_wconf 91' lang='lat' dir='ltr'>bis</span> <span class='ocrx_word' id='word_1_66' title='bbox 475 763 617 827; x_wconf 89' lang='lat' dir='ltr'>quaternos</span> <span class='ocrx_word' id='word_1_67' title='bbox 631 755 713 810; x_wconf 90' lang='lat' dir='ltr'>denos</span> <span class='ocrx_word' id='word_1_68' title='bbox 726 754 831 810; x_wconf 88' lang='lat' dir='ltr'>Claudii</span> <span class='ocrx_word' id='word_1_69' title='bbox 842 762 867 809; x_wconf 90' lang='lat' dir='ltr'>et</span> 
     </span>
     <span class='ocr_line' id='line_1_9' title="bbox 64 829 866 902; baseline -0.004 -17"><span class='ocrx_word' id='word_1_70' title='bbox 64 831 179 885; x_wconf 87' lang='lat' dir='ltr'>Neronis</span> <span class='ocrx_word' id='word_1_71' title='bbox 189 847 282 895; x_wconf 89' lang='lat' dir='ltr'>annos,</span> <span class='ocrx_word' id='word_1_72' title='bbox 293 837 373 902; x_wconf 86' lang='lat' dir='ltr'>atquc</span> <span class='ocrx_word' id='word_1_73' title='bbox 382 830 473 900; x_wconf 90' lang='lat' dir='ltr'>ipsum</span> <span class='ocrx_word' id='word_1_74' title='bbox 484 830 583 885; x_wconf 84' lang='lat' dir='ltr'>Galbae</span> <span class='ocrx_word' id='word_1_75' title='bbox 593 837 619 884; x_wconf 90' lang='lat' dir='ltr'>et</span> <span class='ocrx_word' id='word_1_76' title='bbox 628 829 741 886; x_wconf 90' lang='lat' dir='ltr'>Othonis</span> <span class='ocrx_word' id='word_1_77' title='bbox 751 838 777 884; x_wconf 91' lang='lat' dir='ltr'>et</span> <span class='ocrx_word' id='word_1_78' title='bbox 784 829 866 885; x_wconf 87' lang='lat' dir='ltr'>Vitel-</span> 
     </span>
     <span class='ocr_line' id='line_1_10' title="bbox 64 905 866 978; baseline -0.002 -18"><span class='ocrx_word' id='word_1_79' title='bbox 64 905 95 961; x_wconf 92' lang='lat' dir='ltr'>lii</span> <span class='ocrx_word' id='word_1_80' title='bbox 105 905 217 978; x_wconf 87' lang='lat' dir='ltr'>longum</span> <span class='ocrx_word' id='word_1_81' title='bbox 227 913 253 960; x_wconf 90' lang='lat' dir='ltr'>et</span> <span class='ocrx_word' id='word_1_82' title='bbox 262 922 348 959; x_wconf 92' lang='lat' dir='ltr'>unum</span> <span class='ocrx_word' id='word_1_83' title='bbox 359 922 471 969; x_wconf 86' lang='lat' dir='ltr'>aunum,</span> <span class='ocrx_word' id='word_1_84' title='bbox 478 921 509 959; x_wconf 88' lang='lat' dir='ltr'>ao</span> <span class='ocrx_word' id='word_1_85' title='bbox 518 913 620 959; x_wconf 84' lang='lat' dir='ltr'>sextam</span> <span class='ocrx_word' id='word_1_86' title='bbox 630 907 683 960; x_wconf 90' lang='lat' dir='ltr'>iam</span> <span class='ocrx_word' id='word_1_87' title='bbox 695 905 866 960; x_wconf 79' lang='lat' dir='ltr'>felicishuius</span> 
     </span>
     <span class='ocr_line' id='line_1_11' title="bbox 64 979 865 1054; baseline -0.002 -19"><span class='ocrx_word' id='word_1_88' title='bbox 64 981 232 1054; x_wconf 84' lang='lat' dir='ltr'>principatus</span> <span class='ocrx_word' id='word_1_89' title='bbox 245 981 393 1044; x_wconf 88' lang='lat' dir='ltr'>stationem,</span> <span class='ocrx_word' id='word_1_90' title='bbox 414 996 469 1052; x_wconf 92' lang='lat' dir='ltr'>qua</span> <span class='ocrx_word' id='word_1_91' title='bbox 478 979 659 1051; x_wconf 88' lang='lat' dir='ltr'>Vespasianus</span> <span class='ocrx_word' id='word_1_92' title='bbox 672 979 865 1052; x_wconf 86' lang='lat' dir='ltr'>rempublicam</span> 
     </span>
     <span class='ocr_line' id='line_1_12' title="bbox 65 1054 865 1112; baseline -0.004 -1"><span class='ocrx_word' id='word_1_93' title='bbox 65 1055 151 1112; x_wconf 82' lang='lat' dir='ltr'>fovet:</span> <span class='ocrx_word' id='word_1_94' title='bbox 163 1055 183 1110; x_wconf 94' lang='lat' dir='ltr'>C</span> <span class='ocrx_word' id='word_1_95' title='bbox 194 1063 219 1109; x_wconf 89' lang='lat' dir='ltr'>et</span> <span class='ocrx_word' id='word_1_96' title='bbox 228 1056 282 1108; x_wconf 89' lang='lat' dir='ltr'>XX</span> <span class='ocrx_word' id='word_1_97' title='bbox 291 1054 355 1109; x_wconf 92' lang='lat' dir='ltr'>anni</span> <span class='ocrx_word' id='word_1_98' title='bbox 365 1055 399 1109; x_wconf 91' lang='lat' dir='ltr'>ab</span> <span class='ocrx_word' id='word_1_99' title='bbox 409 1055 516 1108; x_wconf 89' lang='lat' dir='ltr'>interitu</span> <span class='ocrx_word' id='word_1_100' title='bbox 528 1054 662 1110; x_wconf 88' lang='lat' dir='ltr'>Ciceronis</span> <span class='ocrx_word' id='word_1_101' title='bbox 674 1057 701 1111; x_wconf 90' lang='lat' dir='ltr'>in</span> <span class='ocrx_word' id='word_1_102' title='bbox 712 1056 785 1110; x_wconf 92' lang='lat' dir='ltr'>hunc</span> <span class='ocrx_word' id='word_1_103' title='bbox 793 1055 865 1109; x_wconf 90' lang='lat' dir='ltr'>diem</span> 
     </span>
     <span class='ocr_line' id='line_1_13' title="bbox 65 1128 865 1204; baseline -0.004 -18"><span class='ocrx_word' id='word_1_104' title='bbox 65 1129 247 1204; x_wconf 82' lang='lat' dir='ltr'>conliguntur,</span> <span class='ocrx_word' id='word_1_105' title='bbox 268 1129 351 1184; x_wconf 91' lang='lat' dir='ltr'>unius</span> <span class='ocrx_word' id='word_1_106' title='bbox 370 1128 488 1184; x_wconf 91' lang='lat' dir='ltr'>hominis</span> <span class='ocrx_word' id='word_1_107' title='bbox 507 1137 587 1184; x_wconf 86' lang='lat' dir='ltr'>aetas.</span> <span class='ocrx_word' id='word_1_108' title='bbox 627 1131 695 1185; x_wconf 88' lang='lat' dir='ltr'>Nam</span> <span class='ocrx_word' id='word_1_109' title='bbox 710 1131 826 1203; x_wconf 87' lang='lat' dir='ltr'>ipseego</span> <span class='ocrx_word' id='word_1_110' title='bbox 837 1131 865 1184; x_wconf 92' lang='lat' dir='ltr'>in</span> 
     </span>
     <span class='ocr_line' id='line_1_14' title="bbox 64 1203 867 1278; baseline -0.002 -18"><span class='ocrx_word' id='word_1_111' title='bbox 64 1206 200 1261; x_wconf 88' lang='lat' dir='ltr'>Britannia</span> <span class='ocrx_word' id='word_1_112' title='bbox 215 1203 271 1259; x_wconf 91' lang='lat' dir='ltr'>vidi</span> <span class='ocrx_word' id='word_1_113' title='bbox 286 1220 387 1269; x_wconf 88' lang='lat' dir='ltr'>senem,</span> <span class='ocrx_word' id='word_1_114' title='bbox 399 1204 447 1276; x_wconf 93' lang='lat' dir='ltr'>qui</span> <span class='ocrx_word' id='word_1_115' title='bbox 458 1221 487 1258; x_wconf 90' lang='lat' dir='ltr'>se</span> <span class='ocrx_word' id='word_1_116' title='bbox 498 1203 625 1258; x_wconf 79' lang='lat' dir='ltr'>fatebatur</span> <span class='ocrx_word' id='word_1_117' title='bbox 636 1206 659 1258; x_wconf 91' lang='lat' dir='ltr'>ei</span> <span class='ocrx_word' id='word_1_118' title='bbox 669 1221 775 1278; x_wconf 79' lang='lat' dir='ltr'>pugnae</span> <span class='ocrx_word' id='word_1_119' title='bbox 784 1206 867 1259; x_wconf 91' lang='lat' dir='ltr'>inter·</span> 
     </span>
     <span class='ocr_line' id='line_1_15' title="bbox 65 1278 866 1351; baseline -0.005 -15"><span class='ocrx_word' id='word_1_120' title='bbox 65 1279 160 1345; x_wconf 82' lang='lat' dir='ltr'>fuisse,</span> <span class='ocrx_word' id='word_1_121' title='bbox 172 1296 226 1351; x_wconf 91' lang='lat' dir='ltr'>qua</span> <span class='ocrx_word' id='word_1_122' title='bbox 236 1278 384 1344; x_wconf 83' lang='lat' dir='ltr'>Caesarem,</span> <span class='ocrx_word' id='word_1_123' title='bbox 395 1278 550 1332; x_wconf 77' lang='lat' dir='ltr'>inferentem</span> <span class='ocrx_word' id='word_1_124' title='bbox 560 1296 633 1332; x_wconf 90' lang='lat' dir='ltr'>arma</span> <span class='ocrx_word' id='word_1_125' title='bbox 643 1279 866 1342; x_wconf 88' lang='lat' dir='ltr'>Britannis,arce-</span> 
     </span>
     <span class='ocr_line' id='line_1_16' title="bbox 66 1352 865 1425; baseline -0.004 -15"><span class='ocrx_word' id='word_1_126' title='bbox 66 1372 95 1410; x_wconf 90' lang='lat' dir='ltr'>re</span> <span class='ocrx_word' id='word_1_127' title='bbox 108 1354 232 1410; x_wconf 89' lang='lat' dir='ltr'>litoribus</span> <span class='ocrx_word' id='word_1_128' title='bbox 247 1361 273 1408; x_wconf 94' lang='lat' dir='ltr'>et</span> <span class='ocrx_word' id='word_1_129' title='bbox 286 1353 384 1425; x_wconf 90' lang='lat' dir='ltr'>pellere</span> <span class='ocrx_word' id='word_1_130' title='bbox 398 1352 516 1425; x_wconf 79' lang='lat' dir='ltr'>adgressi</span> <span class='ocrx_word' id='word_1_131' title='bbox 529 1360 602 1407; x_wconf 89' lang='lat' dir='ltr'>sunt.</span> <span class='ocrx_word' id='word_1_132' title='bbox 643 1353 679 1407; x_wconf 88' lang='lat' dir='ltr'>lta</span> <span class='ocrx_word' id='word_1_133' title='bbox 690 1354 714 1408; x_wconf 89' lang='lat' dir='ltr'>si</span> <span class='ocrx_word' id='word_1_134' title='bbox 723 1370 796 1417; x_wconf 87' lang='lat' dir='ltr'>eum,</span> <span class='ocrx_word' id='word_1_135' title='bbox 817 1356 865 1424; x_wconf 92' lang='lat' dir='ltr'>qui</span> 
     </span>
     <span class='ocr_line' id='line_1_17' title="bbox 66 1425 865 1497; baseline -0.006 -12"><span class='ocrx_word' id='word_1_136' title='bbox 66 1438 185 1486; x_wconf 88' lang='lat' dir='ltr'>armatus</span> <span class='ocrx_word' id='word_1_137' title='bbox 200 1428 229 1484; x_wconf 90' lang='lat' dir='ltr'>C.</span> <span class='ocrx_word' id='word_1_138' title='bbox 243 1427 348 1484; x_wconf 84' lang='lat' dir='ltr'>Caesari</span> <span class='ocrx_word' id='word_1_139' title='bbox 363 1426 467 1492; x_wconf 85' lang='lat' dir='ltr'>restitit,</span> <span class='ocrx_word' id='word_1_140' title='bbox 488 1426 530 1481; x_wconf 90' lang='lat' dir='ltr'>vel</span> <span class='ocrx_word' id='word_1_141' title='bbox 541 1428 679 1497; x_wconf 86' lang='lat' dir='ltr'>captivitas</span> <span class='ocrx_word' id='word_1_142' title='bbox 690 1427 731 1482; x_wconf 85' lang='lat' dir='ltr'>vel</span> <span class='ocrx_word' id='word_1_143' title='bbox 743 1425 865 1481; x_wconf 85' lang='lat' dir='ltr'>voluntas</span> 
     </span>
     <span class='ocr_line' id='line_1_18' title="bbox 67 1501 867 1576; baseline -0.009 -15"><span class='ocrx_word' id='word_1_144' title='bbox 67 1505 108 1562; x_wconf 82' lang='lat' dir='ltr'>vel</span> <span class='ocrx_word' id='word_1_145' title='bbox 123 1503 207 1560; x_wconf 85' lang='lat' dir='ltr'>iatum</span> <span class='ocrx_word' id='word_1_146' title='bbox 222 1503 330 1576; x_wconf 88' lang='lat' dir='ltr'>aliquod</span> <span class='ocrx_word' id='word_1_147' title='bbox 343 1503 371 1556; x_wconf 91' lang='lat' dir='ltr'>in</span> <span class='ocrx_word' id='word_1_148' title='bbox 382 1501 476 1556; x_wconf 92' lang='lat' dir='ltr'>urbem</span> <span class='ocrx_word' id='word_1_149' title='bbox 486 1502 667 1573; x_wconf 83' lang='lat' dir='ltr'>pertraxisset,</span> <span class='ocrx_word' id='word_1_150' title='bbox 689 1501 760 1555; x_wconf 91' lang='lat' dir='ltr'>idem</span> <span class='ocrx_word' id='word_1_151' title='bbox 771 1501 867 1555; x_wconf 86' lang='lat' dir='ltr'>Caesa-</span> 
     </span>
     <span class='ocr_line' id='line_1_19' title="bbox 66 1577 868 1650; baseline -0.007 -14"><span class='ocrx_word' id='word_1_152' title='bbox 66 1598 124 1636; x_wconf 87' lang='lat' dir='ltr'>rem</span> <span class='ocrx_word' id='word_1_153' title='bbox 138 1580 229 1650; x_wconf 90' lang='lat' dir='ltr'>ipsum</span> <span class='ocrx_word' id='word_1_154' title='bbox 244 1587 270 1632; x_wconf 88' lang='lat' dir='ltr'>ct</span> <span class='ocrx_word' id='word_1_155' title='bbox 283 1577 436 1633; x_wconf 84' lang='lat' dir='ltr'>Ciceronem</span> <span class='ocrx_word' id='word_1_156' title='bbox 449 1577 541 1631; x_wconf 86' lang='lat' dir='ltr'>audire</span> <span class='ocrx_word' id='word_1_157' title='bbox 550 1578 644 1648; x_wconf 88' lang='lat' dir='ltr'>potuit,</span> <span class='ocrx_word' id='word_1_158' title='bbox 658 1585 683 1630; x_wconf 92' lang='lat' dir='ltr'>et</span> <span class='ocrx_word' id='word_1_159' title='bbox 692 1577 789 1631; x_wconf 87' lang='lat' dir='ltr'>nostris</span> <span class='ocrx_word' id='word_1_160' title='bbox 799 1593 868 1647; x_wconf 90' lang='lat' dir='ltr'>quo-</span> 
     </span>
     <span class='ocr_line' id='line_1_20' title="bbox 65 1651 867 1727; baseline -0.006 -18"><span class='ocrx_word' id='word_1_161' title='bbox 65 1672 121 1727; x_wconf 93' lang='lat' dir='ltr'>que</span> <span class='ocrx_word' id='word_1_162' title='bbox 138 1653 286 1708; x_wconf 88' lang='lat' dir='ltr'>actionibus</span> <span class='ocrx_word' id='word_1_163' title='bbox 301 1653 436 1707; x_wconf 89' lang='lat' dir='ltr'>iuteresse.</span> <span class='ocrx_word' id='word_1_164' title='bbox 477 1652 600 1706; x_wconf 86' lang='lat' dir='ltr'>Proximo</span> <span class='ocrx_word' id='word_1_165' title='bbox 612 1651 722 1723; x_wconf 90' lang='lat' dir='ltr'>quidem</span> <span class='ocrx_word' id='word_1_166' title='bbox 733 1651 867 1724; x_wconf 89' lang='lat' dir='ltr'>congiario</span> 
     </span>
     <span class='ocr_line' id='line_1_21' title="bbox 66 1726 868 1802; baseline -0.007 -17"><span class='ocrx_word' id='word_1_167' title='bbox 66 1731 120 1802; x_wconf 89' lang='lat' dir='ltr'>ipsi</span> <span class='ocrx_word' id='word_1_168' title='bbox 130 1728 237 1784; x_wconf 85' lang='lat' dir='ltr'>vidistis</span> <span class='ocrx_word' id='word_1_169' title='bbox 247 1728 389 1800; x_wconf 87' lang='lat' dir='ltr'>plerosque</span> <span class='ocrx_word' id='word_1_170' title='bbox 398 1744 485 1792; x_wconf 88' lang='lat' dir='ltr'>senes,</span> <span class='ocrx_word' id='word_1_171' title='bbox 497 1727 544 1799; x_wconf 89' lang='lat' dir='ltr'>qui</span> <span class='ocrx_word' id='word_1_172' title='bbox 555 1744 584 1780; x_wconf 90' lang='lat' dir='ltr'>se</span> <span class='ocrx_word' id='word_1_173' title='bbox 593 1745 608 1782; x_wconf 89' lang='lat' dir='ltr'>a</span> <span class='ocrx_word' id='word_1_174' title='bbox 617 1726 644 1781; x_wconf 93' lang='lat' dir='ltr'>d.</span> <span class='ocrx_word' id='word_1_175' title='bbox 656 1727 868 1799; x_wconf 89' lang='lat' dir='ltr'>quoqueAugu·</span> 
     </span>
     <span class='ocr_line' id='line_1_22' title="bbox 65 1802 867 1875; baseline -0.005 -16"><span class='ocrx_word' id='word_1_176' title='bbox 65 1813 108 1860; x_wconf 91' lang='lat' dir='ltr'>sto</span> <span class='ocrx_word' id='word_1_177' title='bbox 126 1802 210 1858; x_wconf 86' lang='lat' dir='ltr'>semel</span> <span class='ocrx_word' id='word_1_178' title='bbox 229 1811 309 1874; x_wconf 89' lang='lat' dir='ltr'>atque</span> <span class='ocrx_word' id='word_1_179' title='bbox 326 1803 424 1857; x_wconf 88' lang='lat' dir='ltr'>iterum</span> <span class='ocrx_word' id='word_1_180' title='bbox 442 1803 575 1874; x_wconf 86' lang='lat' dir='ltr'>accepisse</span> <span class='ocrx_word' id='word_1_181' title='bbox 592 1802 758 1875; x_wconf 84' lang='lat' dir='ltr'>congiarium</span> <span class='ocrx_word' id='word_1_182' title='bbox 776 1819 867 1856; x_wconf 90' lang='lat' dir='ltr'>narra-</span> 
     </span>
     <span class='ocr_line' id='line_1_23' title="bbox 66 1876 867 1950; baseline -0.007 -15"><span class='ocrx_word' id='word_1_183' title='bbox 66 1881 139 1935; x_wconf 88' lang='lat' dir='ltr'>bant.</span> <span class='ocrx_word' id='word_1_184' title='bbox 179 1879 290 1950; x_wconf 82' lang='lat' dir='ltr'>Exque</span> <span class='ocrx_word' id='word_1_185' title='bbox 306 1877 403 1950; x_wconf 90' lang='lat' dir='ltr'>conligi</span> <span class='ocrx_word' id='word_1_186' title='bbox 419 1884 513 1948; x_wconf 87' lang='lat' dir='ltr'>petest,</span> <span class='ocrx_word' id='word_1_187' title='bbox 533 1884 559 1933; x_wconf 89' lang='lat' dir='ltr'>et</span> <span class='ocrx_word' id='word_1_188' title='bbox 574 1876 719 1932; x_wconf 88' lang='lat' dir='ltr'>Corvinum</span> <span class='ocrx_word' id='word_1_189' title='bbox 731 1878 765 1931; x_wconf 92' lang='lat' dir='ltr'>ab</span> <span class='ocrx_word' id='word_1_190' title='bbox 776 1877 831 1932; x_wconf 91' lang='lat' dir='ltr'>illis</span> <span class='ocrx_word' id='word_1_191' title='bbox 842 1883 867 1930; x_wconf 89' lang='lat' dir='ltr'>et</span> 
     </span>
     <span class='ocr_line' id='line_1_24' title="bbox 66 1950 866 2023; baseline -0.008 -14"><span class='ocrx_word' id='word_1_192' title='bbox 66 1954 192 2010; x_wconf 81' lang='lat' dir='ltr'>Asinium</span> <span class='ocrx_word' id='word_1_193' title='bbox 212 1953 299 2006; x_wconf 91' lang='lat' dir='ltr'>audiri</span> <span class='ocrx_word' id='word_1_194' title='bbox 317 1953 445 2023; x_wconf 85' lang='lat' dir='ltr'>potuisse.</span> <span class='ocrx_word' id='word_1_195' title='bbox 485 1953 553 2005; x_wconf 91' lang='lat' dir='ltr'>Nam</span> <span class='ocrx_word' id='word_1_196' title='bbox 565 1950 696 2008; x_wconf 83' lang='lat' dir='ltr'>Corvinus</span> <span class='ocrx_word' id='word_1_197' title='bbox 707 1953 735 2006; x_wconf 91' lang='lat' dir='ltr'>in</span> <span class='ocrx_word' id='word_1_198' title='bbox 746 1952 866 2006; x_wconf 90' lang='lat' dir='ltr'>medium</span> 
     </span>
     <span class='ocr_line' id='line_1_25' title="bbox 64 2026 867 2101; baseline -0.009 -16"><span class='ocrx_word' id='word_1_199' title='bbox 64 2045 156 2100; x_wconf 88' lang='lat' dir='ltr'>usque</span> <span class='ocrx_word' id='word_1_200' title='bbox 169 2028 284 2101; x_wconf 83' lang='lat' dir='ltr'>Augusti</span> <span class='ocrx_word' id='word_1_201' title='bbox 299 2026 487 2098; x_wconf 88' lang='lat' dir='ltr'>principatum,</span> <span class='ocrx_word' id='word_1_202' title='bbox 508 2026 620 2081; x_wconf 84' lang='lat' dir='ltr'>Asinius</span> <span class='ocrx_word' id='word_1_203' title='bbox 635 2044 718 2098; x_wconf 86' lang='lat' dir='ltr'>paene</span> <span class='ocrx_word' id='word_1_204' title='bbox 732 2026 765 2079; x_wconf 89' lang='lat' dir='ltr'>ad</span> <span class='ocrx_word' id='word_1_205' title='bbox 780 2033 867 2079; x_wconf 85' lang='lat' dir='ltr'>extre·</span> 
     </span>
     <span class='ocr_line' id='line_1_26' title="bbox 66 2100 866 2170; baseline -0.01 -10"><span class='ocrx_word' id='word_1_206' title='bbox 66 2121 144 2160; x_wconf 90' lang='lat' dir='ltr'>mum</span> <span class='ocrx_word' id='word_1_207' title='bbox 156 2102 275 2157; x_wconf 89' lang='lat' dir='ltr'>duravit:</span> <span class='ocrx_word' id='word_1_208' title='bbox 287 2131 324 2141; x_wconf 96' lang='lat'>—</span> <span class='ocrx_word' id='word_1_209' title='bbox 344 2117 378 2154; x_wconf 91' lang='lat' dir='ltr'>ne</span> <span class='ocrx_word' id='word_1_210' title='bbox 395 2101 520 2156; x_wconf 86' lang='lat' dir='ltr'>dividatis</span> <span class='ocrx_word' id='word_1_211' title='bbox 532 2100 680 2164; x_wconf 90' lang='lat' dir='ltr'>saeculum,</span> <span class='ocrx_word' id='word_1_212' title='bbox 702 2108 728 2154; x_wconf 90' lang='lat' dir='ltr'>et</span> <span class='ocrx_word' id='word_1_213' title='bbox 742 2100 866 2170; x_wconf 85' lang='lat' dir='ltr'>antiquos</span> 
     </span>
     <span class='ocr_line' id='line_1_27' title="bbox 65 2175 866 2247; baseline -0.01 -11"><span class='ocrx_word' id='word_1_214' title='bbox 65 2197 97 2236; x_wconf 87' lang='lat' dir='ltr'>ac</span> <span class='ocrx_word' id='word_1_215' title='bbox 107 2185 209 2234; x_wconf 84' lang='lat' dir='ltr'>veteres</span> <span class='ocrx_word' id='word_1_216' title='bbox 220 2176 339 2232; x_wconf 89' lang='lat' dir='ltr'>vocitetis</span> <span class='ocrx_word' id='word_1_217' title='bbox 348 2183 473 2240; x_wconf 89' lang='lat' dir='ltr'>oratores,</span> <span class='ocrx_word' id='word_1_218' title='bbox 480 2193 548 2247; x_wconf 91' lang='lat' dir='ltr'>quos</span> <span class='ocrx_word' id='word_1_219' title='bbox 558 2175 713 2230; x_wconf 91' lang='lat' dir='ltr'>eorumdem</span> <span class='ocrx_word' id='word_1_220' title='bbox 725 2175 866 2229; x_wconf 90' lang='lat' dir='ltr'>hominum</span> 
     </span>
     <span class='ocr_line' id='line_1_28' title="bbox 65 2247 867 2326; baseline -0.009 -17"><span class='ocrx_word' id='word_1_221' title='bbox 65 2271 145 2310; x_wconf 88' lang='lat' dir='ltr'>aures</span> <span class='ocrx_word' id='word_1_222' title='bbox 159 2268 311 2326; x_wconf 89' lang='lat' dir='ltr'>agnoscere,</span> <span class='ocrx_word' id='word_1_223' title='bbox 325 2267 356 2304; x_wconf 88' lang='lat' dir='ltr'>ac</span> <span class='ocrx_word' id='word_1_224' title='bbox 365 2249 438 2304; x_wconf 90' lang='lat' dir='ltr'>velut</span> <span class='ocrx_word' id='word_1_225' title='bbox 451 2251 612 2322; x_wconf 90' lang='lat' dir='ltr'>coniungere</span> <span class='ocrx_word' id='word_1_226' title='bbox 622 2257 647 2303; x_wconf 91' lang='lat' dir='ltr'>et</span> <span class='ocrx_word' id='word_1_227' title='bbox 657 2247 779 2321; x_wconf 86' lang='lat' dir='ltr'>copulare</span> <span class='ocrx_word' id='word_1_228' title='bbox 788 2256 867 2320; x_wconf 92' lang='lat' dir='ltr'>potu-</span> 
     </span>
     <span class='ocr_line' id='line_1_29' title="bbox 65 2334 155 2385; baseline -0.044 0"><span class='ocrx_word' id='word_1_229' title='bbox 65 2334 155 2385; x_wconf 88' lang='lat' dir='ltr'>erunt.</span> 
     </span>
    </p>

    <p class='ocr_par' dir='ltr' id='par_1_4' title="bbox 62 2397 904 2702">
     <span class='ocr_line' id='line_1_30' title="bbox 123 2397 868 2471; baseline -0.007 -14"><span class='ocrx_word' id='word_1_230' title='bbox 123 2407 164 2457; x_wconf 86' lang='lat' dir='ltr'>l8.</span> <span class='ocrx_word' id='word_1_231' title='bbox 187 2401 256 2454; x_wconf 89' lang='lat' dir='ltr'>llaec</span> <span class='ocrx_word' id='word_1_232' title='bbox 268 2399 327 2454; x_wconf 87' lang='lat' dir='ltr'>ideo</span> <span class='ocrx_word' id='word_1_233' title='bbox 340 2399 469 2471; x_wconf 88' lang='lat' dir='ltr'>praedixi,</span> <span class='ocrx_word' id='word_1_234' title='bbox 484 2405 522 2464; x_wconf 91' lang='lat' dir='ltr'>ut,</span> <span class='ocrx_word' id='word_1_235' title='bbox 535 2399 558 2452; x_wconf 91' lang='lat' dir='ltr'>si</span> <span class='ocrx_word' id='word_1_236' title='bbox 569 2414 622 2470; x_wconf 88' lang='lat' dir='ltr'>qua</span> <span class='ocrx_word' id='word_1_237' title='bbox 633 2414 666 2452; x_wconf 86' lang='lat' dir='ltr'>ex</span> <span class='ocrx_word' id='word_1_238' title='bbox 676 2397 772 2452; x_wconf 91' lang='lat' dir='ltr'>horum</span> <span class='ocrx_word' id='word_1_239' title='bbox 782 2406 868 2452; x_wconf 89' lang='lat' dir='ltr'>orato-</span> 
     </span>
     <span class='ocr_line' id='line_1_31' title="bbox 66 2472 867 2546; baseline -0.01 -13"><span class='ocrx_word' id='word_1_240' title='bbox 66 2495 129 2534; x_wconf 93' lang='lat' dir='ltr'>rum</span> <span class='ocrx_word' id='word_1_241' title='bbox 144 2475 215 2530; x_wconf 86' lang='lat' dir='ltr'>fama</span> <span class='ocrx_word' id='word_1_242' title='bbox 228 2473 366 2546; x_wconf 84' lang='lat' dir='ltr'>gloriaque</span> <span class='ocrx_word' id='word_1_243' title='bbox 380 2475 438 2529; x_wconf 90' lang='lat' dir='ltr'>laus</span> <span class='ocrx_word' id='word_1_244' title='bbox 453 2473 618 2545; x_wconf 89' lang='lat' dir='ltr'>temporibus</span> <span class='ocrx_word' id='word_1_245' title='bbox 633 2472 793 2544; x_wconf 90' lang='lat' dir='ltr'>adquiritur,</span> <span class='ocrx_word' id='word_1_246' title='bbox 805 2489 867 2526; x_wconf 85' lang='lat' dir='ltr'>ean-</span> 
     </span>
     <span class='ocr_line' id='line_1_32' title="bbox 65 2547 877 2620; baseline -0.017 -11"><span class='ocrx_word' id='word_1_247' title='bbox 65 2554 128 2609; x_wconf 91' lang='lat' dir='ltr'>dem</span> <span class='ocrx_word' id='word_1_248' title='bbox 139 2551 260 2605; x_wconf 87' lang='lat' dir='ltr'>docerem</span> <span class='ocrx_word' id='word_1_249' title='bbox 270 2549 298 2602; x_wconf 92' lang='lat' dir='ltr'>in</span> <span class='ocrx_word' id='word_1_250' title='bbox 308 2549 395 2604; x_wconf 90' lang='lat' dir='ltr'>medio</span> <span class='ocrx_word' id='word_1_251' title='bbox 406 2550 483 2603; x_wconf 91' lang='lat' dir='ltr'>sitam</span> <span class='ocrx_word' id='word_1_252' title='bbox 495 2557 520 2602; x_wconf 92' lang='lat' dir='ltr'>et</span> <span class='ocrx_word' id='word_1_253' title='bbox 529 2549 682 2620; x_wconf 84' lang='lat' dir='ltr'>propiorem</span> <span class='ocrx_word' id='word_1_254' title='bbox 689 2547 877 2613; x_wconf 59' lang='lat' dir='ltr'>nobismpam</span> 
     </span>
     <span class='ocr_line' id='line_1_33' title="bbox 62 2618 904 2702; baseline -0.021 -21"><span class='ocrx_word' id='word_1_255' title='bbox 62 2628 120 2681; x_wconf 82' lang='lat' dir='ltr'>Ser.</span> <span class='ocrx_word' id='word_1_256' title='bbox 134 2624 242 2688; x_wconf 80' lang='lat' dir='ltr'>Galbae,</span> <span class='ocrx_word' id='word_1_257' title='bbox 256 2621 285 2679; x_wconf 88' lang='lat' dir='ltr'>C.</span> <span class='ocrx_word' id='word_1_258' title='bbox 298 2622 565 2702; x_wconf 87' lang='lat' dir='ltr'>Carboni,quosque</span> <span class='ocrx_word' id='word_1_259' title='bbox 573 2621 757 2681; x_wconf 76' lang='lat' dir='ltr'>aliosmer‘uo</span> <span class='ocrx_word' id='word_1_260' title='bbox 764 2618 904 2677; x_wconf 58' lang='lat' dir='ltr'>ammosa»</span> 
     </span>
    </p>
   </div>
   <div class='ocr_carea' id='block_1_4' title="bbox 54 2680 962 2825">
    <p class='ocr_par' dir='ltr' id='par_1_5' title="bbox 54 2680 962 2825">
     <span class='ocr_line' id='line_1_34' title="bbox 54 2680 962 2825; baseline -0.04 -57"><span class='ocrx_word' id='word_1_261' title='bbox 54 2699 253 2755; x_wconf 61' lang='lat' dir='ltr'>V000V01&#39;1&#39;11ffl8·</span> <span class='ocrx_word' id='word_1_262' title='bbox 283 2698 358 2763; x_wconf 86' lang='lat' dir='ltr'>Sunt</span> <span class='ocrx_word' id='word_1_263' title='bbox 371 2707 452 2765; x_wconf 79' lang='lat' dir='ltr'>enim</span> <span class='ocrx_word' id='word_1_264' title='bbox 465 2703 583 2765; x_wconf 78' lang='lat' dir='ltr'>horridi</span> <span class='ocrx_word' id='word_1_265' title='bbox 591 2680 934 2775; x_wconf 47' lang='lat' dir='ltr'>etinqotxtxetxuome</span> <span class='ocrx_word' id='word_1_266' title='bbox 951 2766 962 2825; x_wconf 42' lang='lat' dir='ltr'>i</span> 
     </span>
    </p>
   </div>
   <div class='ocr_carea' id='block_1_5' title="bbox 0 0 982 3016">
    <p class='ocr_par' dir='ltr' id='par_1_6' title="bbox 0 0 982 3016">
     <span class='ocr_line' id='line_1_35' title="bbox 0 0 982 3016; baseline 0 0"><span class='ocrx_word' id='word_1_267' title='bbox 0 0 982 3016; x_wconf 95' lang='lat' dir='ltr'> </span> 
     </span>
    </p>
   </div>
  </div>
 </body>
</html>
