1950 3016
194 212 244 258 DE
264 210 477 261 unanime.
498 212 577 261 GAP.
598 214 640 262 45.
660 214 705 264 ⁴0.
799 208 849 266 269

48 311 581 387 ErgeiamdextroSnevicimarislitore
590 314 748 391 Aestyorum
791 324 849 372 ntes

49 390 212 445 adluuntur:
226 388 328 460 quibus
338 390 405 443 ritus
415 389 745 463 habitusqueSuevorum;
767 394 848 467 ingua

48 464 217 520 Britannicae
226 464 342 534 propior.
372 465 482 518 Matrem
492 465 572 519 deum
583 473 751 521 venerantur.
780 467 850 520 insi-

49 556 104 614 gne
112 538 310 609 superstitionis
320 537 418 593 formas
427 556 553 610 aprorum
562 547 675 614 gestant.
711 539 851 611 ldproar·

49 615 105 669 mis
114 614 244 685 omnique
252 612 347 668 tutela:
368 631 494 669 securum
506 613 571 670 deae
580 614 709 670 cultorem
719 616 797 669 etiam
809 616 852 669 in·

50 697 91 745 ter
109 688 199 743 hostes
218 695 341 759 praestat.
380 689 467 743 Rarus
491 687 567 755 ferri,
589 688 716 761 frequens
736 687 850 744 fustium

51 780 129 821 usus.
170 762 313 817 Frumenta
323 769 477 835 ceterosque
485 762 587 818 fructus
596 765 751 836 patientius,
767 782 850 836 quam

50 856 100 912 pro
108 837 186 893 soiita
197 837 391 893 Germanorum
400 839 504 903 inertia,
516 837 643 894 laborant.
683 838 735 894 Sed
743 847 769 893 et
778 854 852 892 mare

50 920 213 978 mtanmr,
220 929 251 968 ao
260 911 309 969 seii
319 913 441 967 omnium
451 915 601 980 succinum,
609 912 681 987 quod
692 915 744 986 ipsi
753 916 851 983 plerum

51 995 162 1053 meant,
180 987 249 1043 iuter
261 986 328 1041 vada
343 994 423 1060 atque
431 988 461 1042 in
476 988 535 1060 ipso
549 988 624 1044 litore
643 989 744 1065 legunt.
784 989 848 1053 Nec,

51 1080 124 1136 quae
137 1068 241 1126 nutrire,
255 1078 359 1133 quaeve
373 1063 439 1117 ratio
447 1064 548 1136 gignat,
561 1071 591 1118 ut
600 1064 730 1129 barbaris,
742 1064 850 1135 quaesi-

51 1146 111 1193 tum
120 1143 329 1208 compertumve.
355 1137 406 1191 Diu
416 1138 484 1209 quin
494 1140 573 1193 etiam
583 1139 652 1193 inter
660 1147 745 1193 oetera
755 1139 851 1193 eiecta-

51 1220 142 1269 menta
151 1212 234 1266 maris
243 1211 442 1277 iacebat,doneo
452 1211 559 1266 lunaria
568 1213 848 1267 nostradeditnomen.

51 1287 123 1359 Ipsis
141 1287 171 1342 in
188 1285 264 1341 nulio
280 1304 348 1341 usu:
372 1286 441 1340 rude
455 1285 562 1358 iegitur,
577 1285 693 1341 informe
707 1285 849 1356 perfertur,

51 1362 225 1434 pretiumque
233 1362 359 1419 mirantes
369 1360 512 1430 accipiunt.
549 1359 664 1415 Suoeum
675 1367 763 1415 tamen
774 1360 852 1413 arbo·

51 1453 116 1493 ram
125 1434 335 1509 eseeiuteiiigas,
351 1435 415 1507 quia
430 1442 531 1488 terrena
541 1434 672 1507 quaedam
682 1434 850 1506 atqueetiam

52 1510 173 1569 volucria
182 1509 307 1566 animalia
317 1509 478 1582 pierumque
486 1509 729 1580 interlucent,quae
738 1507 851 1579 inplica-

51 1593 79 1642 ta
88 1584 212 1651 humare,
223 1602 296 1651 mox,
311 1585 467 1639 durescente
476 1585 595 1649 materia,
607 1582 760 1638 eluduntur.
800 1582 851 1637 Fe·

52 1658 182 1719 candore
195 1659 277 1733 igitur
291 1677 397 1715 nemora
409 1657 545 1731 lucesque,
561 1660 632 1714 sicut
640 1657 756 1715 Orientis
765 1674 852 1712 seere-

51 1737 98 1801 ais,
114 1734 164 1791 nbi
176 1734 256 1791 thura
269 1733 442 1806 balsamaque
452 1735 591 1799 sudantur,
603 1734 639 1789 ita
648 1732 798 1788 Occidentis
808 1734 852 1788 in·

52 1809 124 1867 aulis
142 1810 275 1882 utrisque
293 1811 391 1874 inesse,
411 1809 583 1877 crediderim3
603 1825 673 1881 quae
687 1808 771 1863 vicini
785 1806 850 1864 sciis

52 1884 139 1945 'xiiia
151 1901 277 1957 expresse
292 1892 372 1957 etqua
385 1883 513 1955 liquentie
527 1885 555 1938 in
566 1886 719 1955 proximum
729 1901 802 1939 mare
812 1884 851 1939 ia·

53 1958 166 2024 buntur,
177 1976 208 2015 ac
216 1960 245 2016 ri
258 1966 443 2031 tempestatum
454 1959 482 2012 in
496 1959 606 2013 adversa
619 1958 694 2014 litora
704 1959 848 2013 exundant.

53 2034 83 2090 Si
94 2041 216 2089 naturam
231 2035 332 2089 succini
343 2033 447 2089 admoto
456 2033 518 2106 igue
528 2040 622 2099 tentes,
636 2035 666 2088 in
677 2033 786 2088 modum
796 2039 851 2085 tae-

53 2109 105 2164 dee
113 2108 273 2174 accenditur,
290 2108 388 2179 alitque
400 2106 535 2162 flammam
545 2110 674 2182 pinguem
687 2114 712 2161 et
721 2105 849 2161 olentem:

53 2200 120 2239 mox
129 2185 197 2239 utin
209 2184 296 2255 picem
305 2184 454 2239 resinamve
464 2181 591 2239 lentescit.
628 2180 773 2236 Suionibus
783 2178 852 2234 Sito-

54 2276 122 2315 num
137 2265 228 2332 gentes
242 2259 438 2313 continuantur.
478 2257 567 2313 Cetera
578 2255 690 2320 similes,
712 2271 766 2309 uno
776 2253 852 2308 diffe-

53 2340 127 2398 runt,
144 2332 216 2405 quod
231 2331 328 2388 femina
343 2332 506 2387 dominatur:
528 2332 556 2385 in
570 2340 673 2386 tantum
685 2347 739 2386 non
749 2328 851 2384 medea

53 2407 183 2472 libertate,
195 2406 242 2462 sed
255 2408 333 2461 etiam
343 2424 358 2460 a
368 2406 495 2460 servitute
505 2404 673 2477 degenerant.

111 2485 154 2538 ee.
174 2481 425 2537 HieSueviaeiinis.
445 2479 622 2534 Peucinorum
631 2477 852 2550 Venedorumque

53 2564 81 2612 et
99 2556 252 2612 Fennorum
272 2557 390 2611 nationes
408 2554 550 2610 Germanis
563 2570 598 2608 an
613 2551 739 2606 Sarmatis
754 2552 853 2606 adscri-

54 2631 128 2698 bam,
149 2631 256 2686 dubite:
277 2647 443 2704 quamquam
456 2628 579 2694 Peucini,
595 2644 664 2700 quos
678 2626 789 2700 quidam
804 2626 854 2679 Ba-

55 2714 273 2774 etarnaevocant,
294 2721 425 2771 sermone,
442 2702 527 2770 cuitu,
547 2700 860 2766 sedeaodomiaiiiis,ut
