1950 3016
116 188 166 245 aaa
356 190 678 238 menomenas
776 178 914 255 (numu,

116 296 264 360 eoeoeplasat.
302 291 388 347 &mul
403 297 488 348 meum
506 296 619 346 eumdem
637 295 752 345 iunonem
770 296 800 345 in
817 294 917 346 coelom

115 372 174 436 tpna
185 371 300 434 plurimo
312 371 414 422 adtolli.
452 367 626 430 Ptolemaeus,
643 367 733 420 omine
745 373 773 420 et
785 365 916 421 miraculo

115 443 227 505 excitus,
244 442 425 497 sacerdotibus
438 443 641 515 Aegyptiorum,
659 441 762 512 quihus
778 457 838 495 mos
852 440 915 494 talia

114 516 271 590 intelligere,
292 526 434 572 nocturnos
448 518 525 571 visus
538 516 636 587 aperit:
657 524 747 587 atque,
767 514 824 569 illis
839 513 915 569 Ponti

114 601 140 646 et
158 600 327 647 externorum
346 608 443 663 parum
462 593 563 665 gnaris,
584 589 753 645 Timotheum
767 587 917 644 Athenien-

113 684 182 731 sem,
197 675 302 740 egente
316 665 548 736 Eumolpidarum,
560 681 644 736 quern
659 673 689 718 ut
701 665 845 719 antistitem
855 680 916 718 cae-

113 743 289 797 rimoniarum
299 741 426 795 Eleusine
436 742 715 809 exciverat,quaenam
726 738 773 794 illa
782 741 916 811 supersti-

113 817 159 880 tio,
176 816 249 888 quod
263 814 382 870 numeni
400 816 550 888 interrogat.
590 814 756 879 Timotheus,
770 815 913 884 quaesitis,

113 894 161 962 qui
175 892 204 944 in
218 892 331 945 Pontum
345 898 488 954 meassent,
509 889 653 961 cognoscit,
664 888 759 943 urbem
769 888 827 943 illic
836 888 916 943 Sino-

112 982 175 1036 pen,
198 981 246 1017 nec
260 963 352 1035 procul
367 964 507 1035 templum,
530 971 616 1017 vetere
628 964 697 1016 inter
710 962 816 1018 adcolas
831 962 912 1029 lama,

112 1040 182 1093 lovis
193 1038 269 1092 uitis.
308 1038 431 1109 Namque
441 1047 467 1092 et
476 1037 634 1092 muliebrem
646 1036 763 1110 effigiem
772 1037 912 1103 adsistere,

111 1129 193 1184 quarn
205 1111 327 1183 plerique
336 1113 521 1184 Proserpinam
531 1120 633 1167 vocent.
672 1110 912 1179 Sed-Ptolemaeus,

111 1196 142 1241 ut
151 1196 214 1241 sunt
224 1188 331 1259 ingenia
341 1204 446 1260 regum,
461 1204 562 1258 pronus
575 1186 610 1241 ad
620 1185 799 1251 formidinem,
811 1187 859 1241 ubi
870 1204 915 1242 se-

111 1264 209 1317 curitas
224 1261 311 1326 rediit,
327 1261 493 1333 voluptatum
509 1279 591 1333 quam
601 1260 762 1334 religionum
771 1262 911 1332 adpetens,

110 1337 245 1411 negligere
255 1336 394 1408 paullatim
404 1337 524 1408 aliaeque
533 1337 567 1391 ad
575 1353 653 1390 curas
662 1337 784 1390 animum
793 1346 911 1392 vertere:

110 1412 194 1468 donec
207 1411 299 1467 eadem
313 1414 426 1483 species,
441 1411 584 1466 terribilior
593 1412 647 1465 iarn
658 1419 683 1465 et
693 1410 842 1476 instantior,
854 1413 914 1466 exi-

109 1488 178 1541 tium
193 1487 246 1559 ipsi
259 1504 395 1561 regnoque
407 1487 583 1549 denuntiaret,
600 1487 629 1539 ni
643 1486 716 1540 iussa
731 1494 910 1557 patrarentur.

110 1561 179 1616 Turn
196 1562 294 1634 legatos
308 1571 334 1616 et
343 1562 411 1616 dona
421 1560 634 1633 Scydrothemidi
648 1562 704 1634 regi
714 1559 748 1632 (is
759 1568 824 1615 tunc
833 1560 912 1616 Sino-

108 1637 240 1707 pensibus
249 1635 425 1707 imperitabat)
435 1635 554 1706 expediri
565 1635 652 1689 iubet:
671 1636 855 1708 praecipitque
864 1654 912 1691 na-

109 1711 250 1781 vigaturis,
271 1719 301 1764 ut
315 1710 442 1783 Pythium
456 1709 607 1780 Apollinem
617 1708 720 1765 adeant.
760 1709 818 1765 lllis
837 1727 911 1765 marc

109 1785 273 1838 secundum:
293 1801 351 1838 sors
360 1783 460 1839 oraculi
471 1784 542 1839 haud
553 1785 692 1857 ambigue:
714 1789 790 1848 irent,
798 1789 912 1840 stmulo·

109 1874 233 1925 eriemque
240 1863 326 1924 patrie
335 1864 378 1912 eui
386 1862 541 1922 reveherent,
555 1864 656 1914 sororia
664 1863 848 1928 relinquerant.

163 1934 206 1985 at.
228 1931 261 1986 Ut
274 1930 390 2002 Sinopen
405 1950 510 1997 venere,
524 1951 646 1999 munera,
666 1951 768 2005 proces,
785 1935 909 1989 mandata

107 2007 179 2078 regis
189 2007 233 2061 eui
248 2005 460 2079 Scydrothemidi
474 2008 605 2080 adlegant.
644 2007 697 2074 Qui
708 2025 803 2063 versus
812 2011 907 2074 animi,

107 2081 186 2136 modo
197 2098 296 2136 numen
308 2099 457 2152 pavescere,
464 2083 542 2137 modo
552 2083 633 2137 minis
642 2084 807 2138 adversantis
815 2083 908 2155 populi

106 2160 213 2211 terreri:
235 2174 313 2227 saepe
329 2156 406 2212 donis
421 2158 616 2228 promissisque
632 2157 776 2230 legatorum
787 2157 909 2213 flecteba-

106 2237 160 2286 tur.
200 2231 288 2303 Atque
301 2233 407 2287 interim
421 2233 535 2287 triennio
549 2240 648 2300 erecto,
669 2233 835 2288 Ptolemaeus
856 2250 907 2288 non

106 2305 238 2369 studium,
249 2324 302 2361 non
313 2323 403 2376 preces
412 2307 541 2361 omittere.
578 2308 737 2379 Dignitatem
749 2307 905 2381 legatorum,

106 2397 251 2435 numerum
261 2382 382 2457 navium,
396 2382 453 2435 auri
465 2381 569 2451 pondus
578 2382 701 2455 augebat,
735 2383 804 2437 Tum
815 2385 908 2437 minax

106 2452 187 2508 iacies
206 2455 417 2528 Scydrothemidi
436 2455 553 2519 effertur,
574 2473 608 2510 ne
625 2457 754 2510 destinata
772 2458 824 2513 deo
838 2458 907 2512 ultra

102 2539 262 2585 moraretur.
289 2530 476 2585 ·Cunctantem
491 2530 564 2584 varia
577 2532 708 2601 pernicies
726 2533 869 2604 morbique
882 2539 907 2585 et

83 2602 235 2660 manit‘esta
255 2605 417 2667 coelestium
434 2606 475 2663 ira
488 2605 653 2684 grauiorque
663 2607 697 2662 in
707 2605 767 2660 dies
773 2606 908 2678 iatiqahat,

65 2669 214 2736 Adroeeta
227 2686 378 2758 concione,
393 2688 477 2747 iussa
489 2685 636 2753 numinis,
647 2700 716 2743 suos
724 2679 932 2748 Ptoiemaetqce
