1950 3016
126 212 176 263 280
328 217 355 263 0.
376 211 566 260 CORNELII
585 213 720 261 ΤΑΟΙΤῙ

126 317 220 389 Gignit
233 324 259 369 et
269 313 390 369 Oceanus
404 322 556 388 margarita,
570 313 617 368 sed
628 312 756 368 subfusca
765 329 797 368 ao
806 311 924 370 liventia.

124 390 240 457 Quidam
252 398 335 444 artem
345 390 438 444 abessa
448 389 597 462 legentibus
607 388 778 443 arbitrantur.
818 389 926 443 Namin

124 465 206 521 rubro
222 465 289 519 mari
305 465 366 520 viva
378 465 544 534 asspirantia
555 466 629 518 saxis
638 462 728 529 avelli,
739 464 769 517 in
778 462 925 529 Britannia,

124 549 204 612 prout
217 539 330 610 expulsa
343 541 408 603 sint,
423 539 531 612 onuligi.
570 539 628 611 Ego
640 537 746 592 lucilius
756 538 925 604 crediderim,

124 625 246 671 naturum
258 615 408 687 margaritis
417 614 519 678 deesse,
530 631 613 685 quam
623 613 701 668 nobis
710 612 862 668 avaritiam.

181 694 222 745 l3.
243 691 297 761 Ipsi
316 690 434 744 Britanni
452 689 584 743 delectum
604 687 752 743 retributa
768 695 795 741 et
807 688 925 742 iniunota

123 765 231 837 imperii
241 782 352 819 munera
362 764 477 837 impigre
485 763 593 827 obeunt,
604 764 627 817 si
639 763 754 817 iniuriae
761 761 867 818 absint:
879 762 926 817 has

124 857 203 913 aegre
212 839 331 904 tolerant,
348 838 402 893 iam
412 838 504 894 domiti
515 847 545 892 ut
554 845 672 907 pareant,
687 837 819 902 noudum,
830 845 863 892 ut
871 853 927 891 aar·

123 916 207 970 uiant.
248 915 332 985 Igitur
346 914 451 983 primus
464 914 586 967 omnium
601 912 781 967 Romanorum
796 911 825 967 d.
841 911 926 966 lulius

124 1006 187 1043 eum
201 988 318 1041 exercitu
334 987 497 1042 Britanniam
511 989 659 1060 ingressus,
682 1003 851 1058 quamquam
865 1003 927 1058 pro-

123 1079 201 1134 spera
215 1078 305 1133 pugna
320 1063 443 1115 terruerit
457 1060 566 1126 lunulas,
582 1079 613 1115 ae
628 1060 703 1116 litore
711 1062 812 1132 potitus
823 1062 868 1127 sit,
879 1078 927 1133 pn·

123 1144 174 1191 test
187 1135 274 1190 videri
292 1135 440 1190 ostendisse
459 1137 581 1206 posteris,
600 1153 654 1191 non
671 1136 824 1191 tradidisse.
865 1137 926 1191 llor

122 1210 192 1267 bella
202 1209 302 1275 civilia,
311 1218 337 1264 et
346 1211 374 1264 in
385 1209 577 1283 rempublicam
589 1227 663 1265 versa
673 1211 829 1282 principum
840 1227 924 1276 arma,

124 1303 155 1341 ao
169 1285 247 1358 longa
257 1284 357 1340 oblivio
370 1286 520 1340 Britanniae
530 1286 609 1339 etiam
622 1286 651 1339 in
661 1302 734 1356 paee.
773 1284 925 1357 Consilium

123 1360 152 1415 id
165 1361 192 1415 d.
211 1361 350 1432 Augustus
364 1360 481 1423 vocabat,
503 1360 626 1415 Tiberius
639 1366 821 1431 praeceptum.
863 1359 926 1434 algi-

122 1443 194 1490 tasse
207 1433 238 1490 C.
250 1433 390 1489 Caesarem
403 1434 437 1489 de
450 1434 572 1489 intranda
582 1435 727 1500 Britannia,
737 1437 804 1491 satis
813 1443 924 1501 ponant

123 1510 152 1564 ni
166 1508 244 1564 velox
259 1509 377 1582 ingenio,
397 1508 505 1564 mobilis
519 1510 688 1580 poenitentia,
709 1516 736 1563 et
745 1510 869 1583 ingentes
880 1510 926 1565 ad·

123 1601 219 1639 versus
238 1583 411 1639 Germaniam
429 1592 538 1639 oouatus
558 1583 656 1638 frustra
676 1582 800 1639 inissent.
840 1585 925 1639 Diruta

123 1657 253 1714 Claudius
263 1667 353 1713 auotor
361 1659 460 1729 operis,
471 1659 628 1713 transvectis
640 1658 791 1732 legionibus
801 1660 926 1715 auxiliis·

122 1749 186 1804 que,
202 1740 227 1785 et
241 1732 383 1804 adsumpto
396 1734 425 1787 in
439 1741 541 1804 partem
551 1751 642 1787 rerum
652 1734 831 1803 Vespasiano:
852 1732 925 1806 quod

122 1805 231 1860 initium
246 1815 373 1860 venturae
386 1825 450 1862 mox
462 1807 582 1863 fortunae
592 1806 652 1862 luit.
691 1809 811 1863 Domitaa
820 1818 924 1882 gentes,

122 1880 192 1950 capti
202 1895 288 1952 reges,
302 1888 328 1934 et
337 1889 499 1936 monstratus
509 1881 570 1936 latis
580 1882 771 1953 Vespasianus.

178 1956 219 2010 ll.
241 1953 429 2009 Consularium
439 1956 545 2026 primus
557 1955 644 2011 Aulus
655 1956 775 2012 Plautius
787 1959 925 2029 praeposi,

122 2037 176 2094 tus,
195 2045 227 2084 ae
240 2029 356 2084 subinde
365 2027 488 2085 Ostorius
497 2029 620 2102 Scapula,
642 2039 754 2103 uterque
768 2031 926 2106 belloegre·

120 2105 197 2176 gius:
219 2104 376 2175 redactaque
385 2104 525 2174 paullatim
539 2107 567 2159 in
578 2105 691 2161 lormam
700 2108 925 2179 pmvineiaspro·

121 2181 194 2233 xima
214 2196 276 2250 pars
295 2180 455 2234 Britanniae.
495 2180 590 2234 Addita
610 2181 720 2251 insuper
737 2190 924 2237 veteranorum

120 2253 232 2308 oolonia.
272 2253 408 2319 Quaedam
426 2255 545 2309 civitates
565 2255 704 2327 Cogiduno
723 2257 778 2328 regi
795 2256 921 2313 donatae:

121 2327 154 2399 (is
173 2326 207 2381 ad
226 2336 342 2384 nostram
362 2346 450 2399 usque
463 2330 619 2383 memoriam
634 2329 783 2384 fidissimus
798 2333 899 2387 mansit
906 2330 924 2404 :l

121 2411 209 2456 vetere
222 2419 253 2456 ae
266 2404 320 2457 iam
333 2403 437 2473 pridem
448 2412 550 2473 recepta
560 2403 653 2474 populi
658 2405 769 2459 Romani
780 2415 923 2461 eonsuetu-

121 2474 192 2540 dine‚
205 2485 235 2530 ut
245 2477 352 2531 haberet
362 2478 538 2533 instrumenta
548 2479 684 2534 servitutis
698 2487 723 2534 et
735 2496 821 2553 reges.
861 2483 923 2537 llox

120 2549 215 2604 Didius
221 2551 315 2606 Gallus
325 2560 398 2622 parta
409 2552 568 2624 aptioribus
578 2555 717 2619 nuntiauit,
726 2556 821 2625 paucis
831 2557 923 2612 admo-

120 2623 185 2677 dum
196 2625 312 2680 castellis
321 2626 350 2680 in
360 2626 484 2682 ulteriora
494 2628 761 2700 promotis,perquae
771 2628 842 2686 lama
851 2631 922 2687 aucti

119 2695 201 2752 oflicii
220 2708 401 2779 quaereretur.
440 2701 550 2759 Didium
565 2702 696 2761 Veranius
707 2705 822 2779 astrepit,
842 2707 923 2780 isque
