1950 3016
81 201 204 278 aeae.)
298 213 380 258 mn.
400 214 420 261 1.
440 213 530 266 cnr.
551 215 593 261 is.
614 214 653 265 tt.
846 209 873 263 tt

81 315 166 379 mino,
178 312 307 384 procincto
319 314 406 380 urbis,
420 331 503 386 pauco
512 313 644 387 praefatus
653 314 687 370 de
698 332 747 371 sua
758 323 879 371 senectu-

81 397 117 455 te,
129 390 253 445 Pisonem
262 389 433 445 Licinianum
444 391 540 447 arcessi
550 390 635 456 iubet;
651 408 699 446 scu
710 391 815 462 propriu
826 391 880 446 sie-

81 466 179 530 atiena,
195 465 263 529 sive,
279 473 310 520 ut
323 464 434 536 quidem
449 464 624 529 crediderunt,
639 465 741 521 Lacone
755 466 877 530 instante,

82 540 128 594 cui
138 538 209 610 upud
218 538 374 599 Rubellium
381 539 504 599 Plautum
515 540 626 595 exercita
636 557 697 597 curu
707 541 802 595 Pisone
812 542 879 595 ami-

81 616 159 672 citia:
180 613 228 673 sed
242 613 346 679 callide,
357 622 386 673 ut
395 615 525 688 ignotam,
541 613 656 681 fovebat3
678 623 703 668 st
711 632 836 686 prospera
847 616 879 668 dc

80 690 179 749 Pisone
197 688 267 745 fama
285 688 395 745 consilio
409 691 467 751 oiutt
482 689 561 749 idem
576 688 719 745 addiderat.
759 690 829 757 Piso,
842 691 877 745 M.

82 765 179 825 Crasso
198 772 223 822 et
237 762 373 820 Scribonia
391 766 508 837 genitus,
530 764 626 819 nobilis
641 765 786 836 utrimque,
803 765 878 819 vultu

82 840 232 910 habituque
242 840 323 894 moris
333 840 482 910 antiquitat
490 840 670 895 aestimatione
679 848 748 893 recte
788 857 876 905 verus,

81 914 200 971 deterius
214 914 446 985 interpretantibus
461 915 557 969 tristior
571 915 725 970 habebatur.
787 932 802 971 a
817 932 878 985 pars

80 1007 186 1045 morum
204 990 272 1054 eius,
288 1006 343 1061 quo
357 989 503 1060 suspectior
521 989 650 1054 sollicitis,
671 989 803 1062 adoptanti
820 989 878 1061 pla-

81 1066 166 1120 cubat.

137 1141 180 1202 t5.
201 1138 284 1212 igitur
304 1137 401 1204 Galba,
426 1137 589 1209 adprehensa
609 1137 712 1193 Pisonis
732 1156 828 1203 manu,
849 1140 877 1193 iu

81 1215 157 1271 hunc
167 1213 276 1269 modum
287 1211 389 1269 locutus
400 1212 496 1270 fertur:
512 1213 543 1269 Si
553 1222 575 1267 ta
582 1219 702 1282 priuatus
713 1217 765 1282 tepa
776 1220 878 1271 curiata

79 1295 152 1360 apud
168 1293 310 1359 pontifices,
331 1297 360 1342 at
374 1295 454 1349 merie
467 1299 512 1352 eet,
528 1292 685 1363 adoptarem,
699 1297 723 1344 et
735 1292 798 1343 miti
807 1307 879 1357 epra-

80 1371 153 1435 pium
169 1372 234 1428 erat,
250 1363 294 1418 Co.
305 1365 417 1432 Pompeii
431 1374 455 1418 et
468 1365 503 1419 M.
518 1363 607 1418 Crassi
615 1367 727 1419 rubeum
736 1368 764 1418 iu
774 1364 879 1417 Penates

79 1457 149 1499 uuor
168 1443 321 1503 adsciscere,
340 1447 364 1494 et
384 1442 430 1495 tibi
443 1443 549 1507 ioeipne,
566 1439 698 1507 Sulpiciae
713 1457 745 1493 ao
759 1439 879 1495 Lutatiae

80 1520 177 1574 decora
191 1517 321 1574 nobilitati
335 1521 394 1574 reae
405 1518 536 1569 adiecisse.
576 1514 651 1568 Itirrru
660 1530 707 1576 rue,
719 1517 823 1567 ducrum
833 1516 878 1567 to-

81 1595 229 1658 mioumque
248 1606 371 1645 contuitu
389 1592 424 1643 od
444 1592 578 1656 imperium
596 1596 721 1651 occatum,
739 1591 878 1656 praeclara

82 1668 182 1726 indutae
195 1673 240 1725 tua
254 1672 278 1718 et
293 1681 367 1719 omer
379 1668 484 1733 patriae
496 1666 598 1731 impulit,
612 1671 641 1718 ut
648 1667 832 1730 principatum,
848 1668 879 1716 de

81 1759 134 1811 quo
142 1743 254 1801 maiores
264 1745 346 1795 uestri
357 1744 438 1797 attuit
448 1741 590 1803 certabant,
607 1740 671 1793 betto
680 1743 795 1805 adeptus,
807 1742 878 1807 quie-

81 1819 164 1877 scenti
182 1818 298 1884 offeram,
318 1817 433 1883 exemplo
446 1818 470 1871 d.
485 1814 601 1882 Accurrit,
623 1817 668 1882 qui
681 1818 781 1869 rororis
796 1816 878 1882 titium

82 1893 245 1952 Mar-retium,
262 1893 321 1949 ateio
335 1906 455 1958 penarum
468 1888 617 1958 tammam,
628 1903 689 1944 mou
699 1896 799 1959 amatae
808 1905 876 1950 tucn,

81 1974 210 2035 postremo
223 1965 350 2024 Tiberium
362 1964 486 2023 Naronem
494 1967 649 2033 priuipuum,
662 1966 690 2021 iu
697 1967 819 2032 proximo
828 1965 877 2017 sibi

80 2041 347 2113 [aetipiueoutocouit.
386 2037 574 2107 &aracaeus
588 2041 699 2093 iudomc
708 2054 877 2097 mircenorum

81 2118 219 2187 quaesiuit,
235 2130 280 2182 epo
294 2116 322 2169 iu
335 2115 481 2180 republica·
501 2130 559 2175 mou.
575 2117 637 2183 quia
654 2117 812 2183 propinquos
831 2120 877 2167 aut

81 2195 167 2247 accior
177 2190 237 2247 tetii
245 2205 296 2243 uon
305 2190 425 2253 toteootr
444 2191 488 2242 ead
497 2204 576 2261 oeque
589 2192 642 2257 ipae
651 2192 786 2255 imperium
795 2189 877 2239 ambi-

82 2272 151 2321 tioue
165 2267 268 2332 accepi:
288 2271 313 2317 et
329 2265 421 2323 iudicii
434 2266 483 2323 mei
499 2265 674 2319 documentum
686 2267 738 2321 siut
748 2278 799 2317 ucri
808 2278 878 2315 meae

82 2349 184 2402 tautum
198 2341 403 2403 mareutudmee,
423 2353 489 2406 quas
502 2339 549 2391 tibi
555 2341 695 2408 postposui,
715 2339 760 2390 aad
772 2344 796 2388 et
809 2343 875 2390 tuoe.

80 2415 129 2474 Est
143 2415 191 2471 rtur·
202 2418 287 2483 irater
297 2416 360 2489 puri
374 2414 514 2475 mobilitate,
537 2420 602 2466 catu
615 2415 706 2472 mutar,
726 2413 819 2481 dipuut
828 2413 876 2465 itac

81 2495 197 2562 fortuitu,
208 2491 260 2549 uiti
271 2495 298 2542 tu
306 2489 393 2555 potiar
402 2504 474 2541 esser.
506 2487 546 2540 Ea
554 2494 627 2540 aetas
638 2492 690 2547 tua,
701 2501 767 2555 quae
776 2489 877 2552 cupidi-

82 2573 149 2625 tates
167 2565 354 2621 woiercentioe
373 2566 425 2616 iam
445 2565 576 2631 eticorum
596 2562 699 2625 eaetta,
714 2563 885 2631 iuquooiitii.

81 2640 436 2711 praeteritumeaaaremcam
446 2638 547 2689 taceas.
573 2633 714 2690 Fortunam
724 2638 808 2691 adhuc
818 2643 877 2688 tan-

82 2725 138 2772 tum
151 2717 289 2771 ademtam
301 2714 401 2782 irritati·
418 2713 547 2773 secundat
560 2725 603 2769 ret
616 2711 895 2773 comminationum
