1950 3016
72 207 192 282 neu.)
279 216 359 263 ars.
376 217 412 265 rt.
433 219 521 267 cae.
541 221 660 267 te-ar.
830 217 863 269 75

71 316 864 391 verodeformisetlleneetpraeterspemineolumisllalens

70 394 210 466 praeemit,
225 392 365 466 gaudium,
381 393 522 458 miseratio,
539 395 625 451 lavor:
645 399 713 450 versi
728 398 756 452 iu
770 397 864 452 laetiti-

71 486 124 535 am,
140 468 181 541 (ut
195 475 235 521 est
244 466 344 540 vulgus
358 476 469 540 utruque
478 469 651 542 inmodicum)
660 468 795 526 laudantes
803 490 864 545 gra-

71 552 225 615 tantesque:
247 542 439 597 circumdatum
454 544 552 615 aquilis
564 546 704 618 signisque
712 546 740 600 in
749 546 863 601 tribunal

71 619 170 674 luunt.
209 616 257 671 llle
271 617 331 671 utili
346 618 522 673 moderatione
535 638 587 674 non
602 619 765 691 supplicium
774 622 865 675 cuiue-

71 712 155 767 quam
175 693 308 764 poposcit:
331 709 362 746 ac
381 710 416 747 ne
433 693 606 749 dissimulans
626 695 772 764 suspectior
789 693 863 760 foret,

72 786 171 842 paucos
186 767 332 821 incusavit:
353 782 452 840 gnarus
467 769 591 824 civilibus
605 768 684 823 bellis
698 768 760 840 plus
774 769 866 824 militi-

72 846 135 909 bus,
146 859 230 915 quam
240 841 363 907 ducibus,
376 842 463 897 licere.

127 922 171 972 30.
192 916 374 973 Munientibus
389 924 472 971 castra
487 917 557 988 apud
567 917 700 983 Ticinum,
715 917 865 974 deadversa

73 994 201 1051 Caecinae
220 1007 309 1064 pugna
328 990 454 1054 adlatum,
475 999 501 1046 et
520 1007 601 1063 prope
619 1002 741 1049 renovata
760 994 863 1059 seditio,

74 1079 206 1138 tomqrrom
215 1070 308 1135 troade
317 1075 340 1120 ct
351 1070 553 1120 miserationibus
567 1069 678 1122 Valentis
684 1073 784 1136 proelio
792 1072 865 1138 desa-

74 1149 160 1200 ieeant.
199 1140 275 1196 Nullo
288 1141 418 1212 requiem,
430 1158 482 1195 non
493 1151 641 1212 exspectare
650 1143 755 1207 ducem,
767 1145 866 1198 anteire

73 1220 160 1293 signa,
171 1233 266 1290 urgere
275 1215 424 1287 signiferos.
445 1215 544 1286 Rapido
553 1218 658 1289 agmine
668 1217 866 1272 Caecinaeiuu·

111 1301 184 1348 ntur.
224 1292 378 1361 inprospera
397 1289 514 1344 Valentis
536 1290 605 1344 sarna
627 1292 698 1362 apud
720 1294 864 1346 exercitum

73 1312 201 1425 {leniam
210 1373 278 1421 erat:
300 1370 428 1434 expositos
436 1383 464 1420 aa
477 1375 547 1419 tanto
555 1370 692 1432 pauciores
705 1370 812 1434 inteprta
820 1370 866 1419 to-

73 1449 151 1500 rtium
169 1445 270 1498 ciritae
284 1440 472 1512 querebantur,
492 1439 572 1494 simul
586 1441 616 1493 in
630 1456 706 1494 suam
720 1441 867 1494 excrrsatio-

75 1536 147 1584 nem,
160 1525 186 1572 et
199 1516 398 1570 adventantium
409 1514 489 1570 robur
498 1531 545 1584 per
555 1513 730 1568 adulationem
741 1513 867 1568 adtollen-

75 1602 122 1658 tes,
134 1609 168 1648 nc
178 1600 209 1646 ut
218 1592 280 1646 victi
291 1600 316 1645 et
325 1592 414 1663 ignavi
422 1590 645 1661 despectarentur.
659 1589 692 1643 Et
701 1605 865 1661 quamquam

73 1667 339 1743 plusvirium,prope
347 1665 497 1736 duplicatus
508 1664 641 1736 legionum
651 1663 866 1736 auxiliorumque

74 1760 205 1800 numerus
220 1750 275 1796 erat
284 1740 396 1804 Valenti,
412 1741 499 1794 studia
515 1747 600 1792 tamen
612 1738 727 1793 militum
737 1740 765 1794 in
776 1739 865 1795 Caeci-

74 1836 137 1875 nam
161 1816 337 1882 inclinabant3
367 1831 448 1886 super
474 1814 661 1886 benignitatem
683 1816 780 1880 animi,
810 1833 864 1887 qua

73 1894 220 1968 promptior
235 1891 389 1953 habebatur,
404 1891 483 1944 etiam
497 1890 586 1961 vigore
599 1889 698 1953 aetatis,
713 1891 865 1962 proceritate

75 1969 191 2040 corporis
205 1974 230 2021 et
244 1965 358 2038 quodam
371 1965 443 2018 inani
455 1964 550 2019 lavore.
590 1965 657 2019 llinc
665 1965 804 2020 aemulatio
814 1965 865 2018 du-

73 2045 162 2100 cibus.
201 2042 312 2097 Caecina
321 2050 350 2094 ut
358 2045 490 2109 soedumet
499 2043 665 2103 moculoecm,
679 2040 723 2095 ille
733 2050 760 2094 ut
771 2057 865 2095 conum

74 2139 106 2177 oc
125 2121 259 2178 tumidam,
280 2115 436 2169 inridebant.
475 2113 527 2168 Sed
545 2110 648 2169 condito
666 2115 735 2178 odio,
755 2113 864 2167 eandem

73 2193 214 2250 utilitatem
229 2189 325 2254 lovere,
341 2190 439 2244 crebris
451 2188 578 2260 epistolis,
595 2190 653 2244 sine
661 2197 780 2260 respectu
791 2186 865 2240 veui-

73 2286 114 2334 ae,
130 2267 230 2340 'probra
249 2264 347 2319 Othoni
364 2264 534 2319 obiectantes:
565 2281 627 2318 cum
646 2265 726 2319 duces
749 2261 864 2332 partium

74 2342 198 2407 Othonis,
214 2340 339 2413 quamvis
353 2339 486 2393 uberrima
499 2339 679 2394 conviciorum
690 2338 719 2391 in
728 2332 864 2391 Vitellium

74 2419 194 2480 materia,
207 2416 376 2469 abstinerent.

130 2496 173 2547 ar.
194 2490 263 2545 Sane
281 2496 341 2544 enta
358 2488 499 2560 utriusque
517 2488 632 2550 exitum,
658 2501 712 2556 quo
732 2485 864 2558 egregiam

74 2566 144 2624 Otho
154 2565 259 2629 lamam,
277 2563 397 2619 Vitellius
411 2562 664 2640 flagitiosissimam,
675 2560 881 2625 muneremi-

243 2640 250 2651 Ι

63 2656 118 2721 naq
133 2638 352 2764 mlliifflw‘f
365 2640 534 2716 voluptates,
547 2660 637 2720 quam
644 2637 902 2714 Otlruuiebaepau-

63 2723 171 2759 mamae
182 2707 225 2762 bb
251 2728 314 2768 mes
327 2718 519 2782 timebantur.
565 2719 925 2784 Addideratbmeteue-
