1950 3016
59 107 185 180 ΜΗῺ.)
270 112 347 160 LlB.
370 114 390 161 l.
411 114 500 162 GAP.
520 114 639 161 10-12.
840 109 855 160 9

58 216 186 347 qlppsiano
198 212 342 288 liberisque
351 215 410 270 eius
423 215 578 288 imperium,
588 222 649 288 post
658 214 791 271 icaunam
800 233 857 270 cre·

106 307 190 346 rmus.

117 369 159 420 tr.
180 364 332 438 Aegyptum
342 365 493 438 copiasque,
509 366 609 438 quibus
619 373 789 430 coerceretur,
802 366 855 419 ium

58 441 123 498 inda
133 458 149 494 a
158 439 185 495 d.
198 439 320 512 Augusto
329 441 430 512 equites
440 441 550 496 Romani
559 441 679 496 obtinent
687 439 742 495 loco
751 457 853 513 regum.

18 558 26 574 .
59 519 97 572 lta
107 517 199 571 visum
214 515 349 586 expedire,
359 517 521 586 provinciam
534 516 606 571 aditu
617 515 763 579 difficilem,
775 533 857 570 auno

59 610 110 648 naa
125 590 277 654 fecundam,
295 592 480 661 superstitione
493 608 524 645 ao
539 591 646 646 lascivia
664 590 811 646 discordem
827 608 857 644 ao

60 667 199 730 mobilem,
212 666 326 720 insciam
340 664 438 738 legum,
454 667 573 739 ignaram
587 667 799 738 magistratuum,
810 665 857 719 do-

60 746 99 798 mi
109 743 232 796 retinere.
272 740 386 812 Regebat
398 748 455 795 tum
469 741 593 796 Tiberius
604 741 763 805 Alexander,
785 741 857 794 eius·

60 820 122 873 dem
134 817 259 872 nationis.
299 814 385 869 Airioa
395 832 425 869 ac
435 814 551 888 legiones
560 817 588 870 in
599 833 639 881 ea,
652 815 786 870 interiecto
797 815 858 870 Clo-

59 893 106 949 dio
115 894 213 956 Macro,
225 897 345 944 contenta
354 890 536 962 qualicunque
545 892 673 962 principe,
684 899 743 962 post
753 891 858 962 experi-

60 965 426 1025 mentumdominiminoris.
466 967 538 1020 Duae
547 966 855 1030 Mauritaniamlthaetia,

60 1046 200 1107 Noricum,
216 1041 337 1105 Thracia,
358 1049 464 1112 atquae
478 1041 545 1096 aliae
558 1041 770 1112 procuratoribus
784 1041 857 1096 mbi-

60 1120 169 1184 bentur,
184 1126 214 1173 ut
226 1117 325 1188 auique
339 1117 465 1171 exercitui
475 1117 586 1180 danae,
602 1117 637 1170 ita
646 1117 674 1171 in
687 1115 802 1172 favorem
812 1124 857 1170 aut

60 1196 155 1252 odium
165 1201 284 1248 contactu
294 1189 468 1245 valentiorum
480 1191 634 1263 agebantur.
669 1192 786 1246 lnermas
796 1209 858 1262 pro

60 1271 176 1333 vinciae,
187 1277 267 1340 atque
275 1268 333 1338 ipsa
343 1268 371 1320 in
381 1267 475 1337 primis
484 1264 566 1330 ltalia,
578 1268 739 1339 cuicumque
749 1268 856 1320 servitio

61 1347 192 1418 exposita,
216 1345 244 1397 in
264 1342 378 1412 pretium
398 1341 462 1395 belli
484 1357 606 1394 cessurae
625 1349 707 1395 erant.
746 1342 795 1394 llio
808 1340 858 1394 tuit

61 1438 154 1477 rerum
166 1419 342 1473 Romanarum
352 1424 446 1480 status,
461 1433 523 1469 cum
534 1415 589 1469 Ser.
602 1415 684 1470 Galba
695 1417 801 1478 iterum,
814 1415 858 1468 Ti-

61 1495 219 1555 tusVinius,
231 1490 361 1554 consules,
373 1491 530 1546 inchoavere
539 1491 708 1556 annum,sibi
719 1489 855 1555 ultimum,

61 1572 130 1643 reip.
142 1585 224 1640 propa
233 1583 399 1638 supremum.

120 1648 161 1700 ta.
183 1644 276 1698 Paucis
286 1651 344 1712 post
353 1640 411 1695 Kal.
423 1641 558 1696 lanuarias
567 1641 661 1696 diebus
672 1640 857 1711 PompeiiPro-

61 1720 171 1795 pinqui,
182 1717 367 1790 procuratoris,
378 1716 504 1790 cBelgica
515 1716 614 1770 litterae
623 1715 790 1770 adferuntur:
812 1734 858 1769 ru-

58 1799 176 1867 perioris
192 1793 345 1848 Germaniae
356 1795 472 1861 lapicius,
485 1801 564 1859 rupta
573 1797 730 1846 remanenti
739 1808 858 1845 reveren-

63 1877 110 1934 tia,
130 1875 310 1938 imperatorem
328 1871 409 1922 olium
431 1871 562 1935 partiare,
584 1876 608 1920 et
626 1870 728 1920 serrotui
745 1883 777 1919 oe
796 1883 856 1934 pop.

62 1948 134 2002 Rom.
146 1947 286 1998 arbitrium
295 1945 404 2011 elipandi
412 1947 557 2010 permittere
562 1963 571 2009 ,·
584 1959 638 2013 quo
648 1941 741 1994 seditio
750 1940 858 1995 mollius

62 2023 236 2092 acciperetur.
275 2018 417 2071 Maturavit
430 2034 460 2070 ea
474 2034 516 2071 res
529 2016 671 2071 consilium
683 2015 791 2077 Galbae,
805 2017 857 2067 iam

62 2097 168 2169 pridem
180 2094 213 2149 de
227 2092 365 2164 adoptione
373 2108 464 2146 secum
478 2099 573 2145 etcum
585 2093 714 2163 proximis
724 2090 856 2162 agitantis.

62 2174 123 2228 Non
137 2187 202 2225 sana
215 2169 330 2239 crebrior
344 2174 395 2221 tota
410 2168 514 2221 civitate
527 2184 614 2222 sermo
626 2183 672 2237 per
682 2166 743 2219 illos
752 2180 858 2217 manses

63 2248 164 2303 iuerat:
180 2245 299 2317 primum
310 2242 413 2297 licentia
423 2260 453 2296 ac
463 2241 573 2296 libidine
584 2241 642 2296 tolia
655 2238 789 2311 loquendi,
797 2239 858 2293 dein

63 2321 134 2378 fessa
153 2322 208 2376 iam
227 2326 310 2373 aetate
328 2317 436 2372 Galbae.
476 2318 569 2372 Paucis
589 2317 719 2372 iudicium
731 2320 777 2367 aut
790 2314 856 2384 reip.

64 2414 152 2454 amor:
175 2393 254 2450 multi
263 2391 363 2449 occulta
373 2411 430 2464 spe,
443 2400 520 2464 prout
529 2394 592 2465 quis
602 2392 705 2446 amicus
711 2388 753 2442 vel
764 2389 857 2454 cliens,

64 2474 138 2528 huuc
150 2469 192 2527 vel
207 2468 285 2524 illum
301 2468 448 2524 ambitiosis
462 2468 615 2523 rumoribus
629 2463 804 2529 destinabant,
821 2472 859 2518 et-

64 2549 118 2604 iam
131 2549 161 2603 in
175 2545 207 2601 Τ.
218 2544 292 2601 Vinii
304 2543 406 2608 odium,
426 2544 475 2615 qui
492 2543 521 2597 in
536 2542 594 2596 dies
607 2547 706 2611 quanto
719 2540 858 2611 potentior,

65 2624 158 2681 mem
174 2628 234 2678 actu
248 2620 360 2678 invisior
374 2618 436 2675 erat.
476 2616 585 2694 Quippe
591 2615 715 2685 hiantes,
727 2615 765 2673 'in
770 2629 880 2686 meque
