1950 3016
125 157 175 213 2⁴8
292 161 320 207 G.
341 157 562 209 CORNELIUS
582 158 750 207 unctum

126 262 225 317 adiecta
241 261 349 315 Laertae
363 261 445 332 petris
459 260 577 325 nemine,
590 260 682 316 eedem
694 259 751 314 loen
757 257 825 315 oiim
835 276 925 330 reper-

126 345 189 400 tam.
206 345 432 408 monumentaque
444 344 469 390 et
479 334 596 391 tumulas
606 335 748 406 quosdam,
762 334 873 391 Graecis
883 334 922 389 lit·

125 411 188 464 teris
200 410 350 483 inscriptas,
361 411 390 466 in
400 411 513 467 eenfinio
523 411 681 467 Germaniae
690 409 869 480 Rhaetiaeqns
879 408 922 463 αι’-

125 484 180 540 huc
189 494 300 541 exstare.
341 484 414 551 Quae
426 502 514 556 neque
522 486 679 541 eoniirmara
689 485 866 557 argumentis,
879 498 922 539 re-

124 577 179 632 que
188 559 308 615 refellere
316 561 344 615 in
356 563 446 617 anime
456 568 509 617 est:
530 578 564 617 ex
574 559 922 633 ingeniosuequiaqueeb·

125 643 180 691 mat
190 634 231 691 vei
242 635 319 691 addat
329 635 418 690 iidem.

181 712 205 765 i.
226 710 287 780 lpse
300 727 392 766 earum
407 710 579 780 opinionibus
587 707 691 773 amede.
705 708 754 780 qui
765 707 921 764 Germaniae

125 783 248 855 populos.
268 784 350 841 nullis
363 783 477 839 aliarum
491 787 627 839 aedanum
644 783 787 839 manubiis
803 783 919 845 iniectos,

124 860 259 930 propriam
279 868 306 913 et
325 859 456 913 sinceram
475 868 500 914 et
513 868 614 913 tantum
629 861 672 913 aui
686 858 805 913 similem
818 867 921 931 gentem

125 934 260 989 exstitisse
268 932 438 988 arbitrantur.
450 933 526 988 Unde
535 934 642 989 habitus
653 949 762 1004 quoque
769 947 919 1003 carporum,

125 1024 291 1078 quamquam
302 1007 330 1060 in
341 1015 412 1062 tante
421 1006 561 1063 hominum
573 1007 771 1071 numere,idenr
780 1006 920 1063 omnibus:

122 1089 213 1141 truoes
226 1090 252 1136 et
265 1080 378 1135 caerulei
391 1080 473 1146 oculi,
490 1081 584 1137 rutiles
596 1099 695 1146 eomas,
707 1095 922 1155 magnsmrpnra

125 1164 150 1209 et
165 1164 267 1210 tantum
281 1155 314 1210 ad
329 1156 448 1226 inpetum
464 1156 560 1211 valide.
600 1157 710 1213 Laboris
722 1167 921 1228 etquenarerum

125 1247 178 1287 neu
188 1230 281 1289 eadem
295 1232 434 1301 patientia:
455 1232 621 1302 minimeque
632 1233 705 1287 sitim
716 1240 877 1301 aestumque
885 1238 923 1283 tn·

125 1303 218 1371 letare,
229 1304 327 1379 frigora
337 1315 417 1378 atque
427 1306 543 1361 inediam
553 1306 624 1361 neele
634 1304 724 1360 solove
732 1306 921 1360 adsueverunt.

179 1383 206 1436 n.
227 1380 317 1446 Terra,
336 1382 385 1439 etsi
401 1380 537 1452 aliquanto
551 1383 640 1450 specie
653 1379 749 1444 differt,
769 1381 798 1434 iu
815 1381 923 1434 nareae

124 1473 187 1511 sum
207 1463 295 1511 tamen
314 1465 360 1513 aut
378 1455 455 1511 silvis
475 1455 590 1519 horrida,
611 1463 658 1511 aut
672 1454 819 1526 paludibus
834 1453 921 1508 ieedur

124 1529 271 1596 humidior„
291 1548 345 1602 qua
365 1529 481 1596 Galliam
507 1529 651 1594 ventosior,
672 1546 725 1600 qua
746 1528 875 1584 Noricum
892 1543 924 1583 ae

125 1605 289 1659 Pannoniam
305 1605 430 1676 adspicit:
452 1604 516 1658 satis
531 1602 619 1659 ferax:
641 1603 830 1677 frugiferarum
847 1602 925 1659 arba·

124 1697 186 1733 rum
198 1681 343 1750 inpatiens:
364 1695 491 1750 peeerum
501 1677 644 1747 ioecundn3
655 1679 701 1733 md
712 1677 873 1749 pierumque
883 1679 925 1731 in-

124 1769 242 1823 preeera.
282 1754 321 1808 Ne
333 1755 462 1809 armentis
477 1752 587 1825 quidem
600 1771 671 1809 snus
684 1752 767 1809 honor
780 1761 828 1807 aut
840 1752 923 1825 gioria

125 1826 234 1882 frantia:
255 1828 500 1900 numeregaudent.
524 1828 633 1900 Eaeque
641 1826 713 1883 seiae
722 1836 747 1881 et
756 1828 925 1902 gratissimas

124 1917 189 1972 opes
198 1908 271 1958 suat.
299 1901 446 1974 Argentum
455 1910 481 1957 et
490 1920 585 1957 aurum
597 1903 705 1973 prnpitii
715 1920 749 1956 nn
759 1903 818 1957 irati
829 1902 868 1957 dii
879 1917 925 1956 ne·

124 1977 256 2106 guerini,
274 1975 377 2031 dubita
419 1978 474 2031 Nee
486 1985 574 2033 tarasn
590 1977 796 2041 adfirmaverim,
821 1976 923 2031 nullam

158 2051 284 2105 ,rmaniae
299 2067 393 2107 venam
409 2060 549 2123 argentum
559 2069 690 2107 aurumve
698 2052 818 2124 gignere.
858 2050 925 2116 Quis

125 2127 198 2181 enim
212 2133 345 2181 scrutatus
359 2123 417 2180 est?
443 2125 613 2180 Pmsessione
625 2135 651 2181 et
664 2143 717 2181 usu
733 2125 806 2180 haud
816 2124 925 2196 perinde

125 2199 295 2255 adficiuntur.
335 2199 383 2255 Est
392 2199 482 2255 videre
490 2200 562 2270 apud
571 2200 631 2255 illes
641 2209 763 2273 argentea
773 2218 846 2263 vasa,
855 2199 925 2272 iega-

126 2276 160 2329 tis
175 2284 200 2329 et
215 2275 383 2346 principibus
394 2291 487 2329 earum
504 2276 609 2329 muneri
618 2275 687 2338 data,
699 2292 752 2329 non
763 2276 791 2329 in
802 2273 854 2328 alia
864 2274 926 2329 viii-

125 2357 352 2421 tate‚quamquae
362 2349 445 2405 burne
455 2349 607 2421 finguntur:
621 2366 786 2420 quamquam
798 2349 924 2420 preximi,

125 2424 160 2478 eb
171 2441 250 2478 usum
263 2427 492 2487 muniendorum,
507 2440 605 2478 aurum
617 2432 644 2477 et
653 2433 793 2496 argentum
803 2424 832 2478 in
842 2424 927 2495 pretio

126 2497 234 2562 liabent,
256 2496 408 2569 formasque
428 2498 556 2569 quasdam
576 2506 680 2552 nostrae
698 2501 827 2568 pecuniae
844 2515 927 2571 agne·

118 2582 202 2629 scunt
209 2582 293 2646 atque
302 2572 421 2651 eligunt:
442 2573 582 2631 interiores
590 2571 926 2644 simpiieiasetantiquim

98 2652 314 2716 permutatione
337 2653 478 2713 mercium
497 2656 626 2707 utantur.
661 2644 816 2699 Penatium
827 2644 944 2710 arenant
