1950 3016
61 185 203 265 (snam)
247 196 456 247 asamona
476 200 558 249 cae.
578 200 622 250 ta.
642 199 684 249 se.
816 196 866 251 see

63 299 138 355 tibus
147 297 327 369 opposuisset,
338 308 494 372 quantoque
503 300 617 357 ferocius
624 309 802 367 accurrerant,
807 310 867 359 tau-

64 382 91 431 to
110 374 200 429 acrius
217 372 312 444 pulsos
326 373 356 428 in
369 372 461 448 lugam
474 376 633 432 disiecisset
672 377 710 432 lta
722 378 866 435 eonsilium

62 450 252 505 Britannorum
262 449 291 503 in
307 449 379 519 ipsos
390 467 513 507 versum:
534 459 751 524 transvectaeque
760 471 867 524 praece-

63 532 110 598 pto
123 523 201 579 ducis
215 541 231 578 a
244 521 329 578 fronte
338 525 517 597 pugnantium
527 525 596 591 alae,
616 529 737 581 adamam
748 528 866 583 bostium

63 599 149 654 aciem
163 598 295 653 invasere.
335 599 405 655 Tum
416 617 478 656 vero
491 601 644 673 patentibus
658 601 723 657 locis
731 602 832 676 grande
842 610 868 657 et

60 678 141 730 'atrox
157 672 355 744 spectaculum:
380 677 469 747 sequi,
491 675 642 742 vulnerare,
663 685 868 749 cuperentque

63 749 184 813 eosdem,
203 747 299 803 oblatis
309 748 380 815 aliis,
400 750 540 806 trucidme.
579 751 773 825 lambentium,
790 759 869 822 prout

62 825 165 895 cuique
180 822 321 896 ingenium
334 831 400 890 erat,
419 833 539 880 catervae
557 835 721 884 armatorum
734 828 868 899 pauciori-

63 899 118 955 bus
127 908 200 971 terga
210 906 353 970 praestare,
369 900 480 971 quidam
491 901 608 955 inermes
619 901 689 958 ultro
696 919 783 965 ruere,
798 919 829 957 ac
838 919 868 957 se

63 973 145 1029 morti
157 972 261 1029 offerre.
299 973 404 1029 Passim
418 992 491 1030 arma
506 984 533 1030 et
544 993 653 1047 corpora
667 986 693 1033 et
704 977 783 1033 laceri
793 986 867 1033 artus

63 1056 210 1105 metuente
219 1048 335 1104 humus:
356 1049 625 1121 etaliquandoetiam
635 1053 868 1110 victisirevirtus-

63 1141 128 1197 que.
167 1124 313 1196 Postquam
321 1123 399 1179 silvis
409 1125 668 1198 adpropinquarunt,
678 1128 799 1191 conlecti,
810 1129 867 1200 pri-

64 1216 124 1257 mos
134 1199 317 1271 sequentium,
328 1198 447 1256 incautos
457 1208 483 1255 et
492 1201 609 1257 locorum
620 1203 738 1275 ignaros,
751 1204 868 1257 circum-

64 1275 217 1332 veniebant.
256 1273 363 1339 Quodni
378 1274 504 1346 frequens
517 1277 620 1348 ubique
632 1276 755 1349 Agricola
765 1276 867 1332 validas

62 1358 91 1407 et
99 1349 238 1422 expeditas
247 1349 377 1414 cohortes,
392 1350 528 1423 indaginis
539 1351 628 1417 modo,
642 1359 677 1416 et,
692 1351 779 1407 sicubi
789 1353 868 1405 arcti-

61 1442 109 1483 ora
118 1431 204 1489 ment,
214 1432 316 1496 partem
325 1426 459 1497 equitum,
470 1425 592 1481 dimissis
603 1426 693 1499 equis,
708 1425 789 1480 simul
801 1427 868 1481 rari-

61 1518 123 1557 ores
137 1499 222 1555 silvas
235 1500 352 1572 equitem
368 1499 517 1572 persultare
526 1501 661 1565 iussisset,
672 1508 810 1571 acceptum
819 1500 868 1555 ali-

63 1575 138 1649 quod
153 1573 257 1631 vunus
276 1591 324 1646 par
343 1578 456 1631 nimiam
476 1575 602 1631 fiduciam
616 1575 692 1631 foret.
731 1574 866 1638 Ceterum,

63 1651 113 1707 ubi
121 1650 282 1722 compositos
292 1649 378 1705 firmis
386 1651 528 1705 ordinibus
537 1652 616 1723 sequi
626 1668 722 1707 rursus
733 1649 832 1712 videre,
840 1651 868 1703 in

63 1725 158 1800 lugam
169 1725 249 1790 versi,
261 1741 313 1779 non
323 1725 490 1798 agminibus,
506 1735 537 1780 ut
545 1727 633 1798 prius,
644 1744 695 1781 nec
703 1725 774 1782 alius
782 1725 867 1780 alium

60 1807 252 1872 respectantes,
273 1800 326 1854 rari
336 1808 362 1854 et
372 1800 512 1856 vitabundi
523 1801 649 1867 invicem,
670 1800 867 1876 longinquant-

82 1893 119 1931 ne
131 1875 192 1930 avis
205 1875 313 1946 petiere.
354 1875 431 1931 Finis
443 1876 573 1947 sequendi
588 1895 641 1933 nox
654 1885 680 1933 et
688 1878 795 1933 satietas
807 1876 865 1931 luit.

157 1950 277 2006 bostium
287 1949 422 2005 addenem
434 1951 533 2007 millia:
556 1960 706 2008 nostrorum
716 1953 814 2007 treceni
824 1968 867 2006 se-

62 2027 174 2100 xaginta
183 2024 316 2081 cecidere:
337 2026 439 2097 inquis
449 2025 654 2093 Aulusacicus,
666 2026 867 2098 praelectusco-

63 2102 159 2167 bortis,
175 2099 289 2157 iuvenili
300 2099 394 2156 ardore
406 2109 432 2155 et
445 2100 540 2156 ferocia
550 2105 612 2174 equi
623 2102 744 2157 hostibus
756 2099 865 2156 inlatus.

119 2180 163 2233 38.
182 2176 218 2231 lit
232 2192 286 2231 nox
294 2175 406 2247 quidem
416 2176 514 2249 gaudio
523 2176 673 2248 praedaque
684 2174 749 2229 laeta
762 2176 868 2230 victori-

62 2252 132 2308 bus:
152 2251 272 2306 Britanni
281 2250 411 2322 palantes,
428 2251 565 2322 mixtoque
576 2250 695 2305 virorum
706 2249 868 2305 mulierum-

63 2344 120 2400 que
131 2326 246 2398 ploratu,
258 2326 361 2381 trabere
375 2325 536 2390 vulneratos,
550 2342 644 2379 vocare
653 2325 781 2396 integros,
791 2324 868 2378 dese-

63 2418 123 2459 rere
131 2403 226 2457 domos
235 2418 266 2455 ac
276 2418 323 2472 per
333 2402 401 2456 iram
413 2399 640 2456 ultroincendere:
652 2398 749 2471 eligere
755 2398 867 2453 latebras

63 2479 189 2533 etstabm
204 2475 371 2548 relinquere:
393 2477 505 2530 miscere
517 2475 634 2529 invicem
644 2474 755 2528 consilia
765 2472 865 2544 aliqua,

62 2553 128 2609 dein
149 2568 286 2624 separare:
308 2550 452 2623 aliquando
472 2548 558 2623 frangi
576 2548 707 2622 adspectu
723 2550 877 2620 pignerum

56 2644 181 2690 sumum,
200 2626 312 2697 saepius
330 2625 472 2684 concitari.
512 2625 648 2701 Satisque
662 2622 901 2698 constabant&

48 2699 266 2768 vissequoedam
276 2702 309 2760 in
320 2705 464 2780 coniuges
473 2723 507 2763 ac
516 2704 643 2775 liberos,
659 2710 824 2771 umqum
830 2697 929 2739 W*
