1950 3016
58 195 82 232 ι.
96 174 183 249 ατο.)
260 184 340 231 nra.
358 184 409 231 111.
430 184 519 231 cna.
538 185 583 233 sa.
602 185 646 232 aa.
809 181 858 235 tet

58 285 140 354 tueri;
161 291 295 356 postremo
309 284 342 338 ad
353 283 507 350 Gemonias,
521 284 569 339 ubi
579 302 675 356 eorpus
684 285 771 343 Flavii
781 287 858 343 Sabi-

57 363 85 418 ni
95 363 223 424 iacuerat,
235 358 385 431 propulere,
424 359 483 414 Vox
497 376 550 413 una
561 376 613 414 non
623 361 761 434 degeneris
773 364 856 418 animi

56 443 175 507 excepta,
187 451 250 490 cum
260 434 367 488 tribuno
377 433 526 498 insultanti,
542 452 570 489 aa
584 444 669 490 tamem
678 440 858 504 imperatorem

57 516 112 566 eim
126 514 217 579 fuisse,
234 508 379 580 respondit.
417 507 457 562 Ac
470 507 566 563 deinde
579 509 692 583 ingestis
701 509 857 566 vulneribus

57 584 182 641 concidit.
221 584 255 637 Et
269 583 368 656 vulgus
382 583 474 637 eadem
487 584 617 654 pravitate
630 584 808 640 insectabatur
816 588 859 641 in-

57 659 206 722 terlcctum,
218 676 272 730 qua
284 656 382 712 leverat
391 659 535 712 viventem.

112 737 157 788 86.
179 733 265 787 Patria
278 732 317 786 illi
332 732 451 786 Luceria.
492 730 641 803 Septimum
655 741 681 786 et
690 732 859 810 quinquage-

59 811 161 865 simum
177 809 268 862 aetatis
283 824 384 862 annum
399 805 531 878 explebat.
571 805 761 873 Consulatum,
773 827 860 865 sacer·

57 884 138 948 dotia,
155 899 252 937 nomen
268 881 411 952 locumque
428 882 496 935 inter
510 881 651 952 primores,
666 882 739 937 nulla
754 901 803 939 sua
816 887 859 942 in-

57 957 171 1022 dustria,
188 956 236 1011 sed
250 965 344 1010 cuncta
356 957 440 1028 patris
454 955 611 1011 claritudine
620 956 741 1029 adeptus.
782 961 859 1016 Prin-

58 1033 177 1104 cipatum
189 1032 212 1085 ei
223 1031 349 1096 detulere,
366 1031 415 1102 qui
427 1031 517 1101 ipsum
529 1048 581 1086 non
591 1042 726 1089 noverant.
765 1033 858 1091 Studia

57 1107 192 1163 exercitus
202 1107 407 1177 rarocaiquam‚
422 1105 500 1161 bonis
510 1107 612 1161 artibus
622 1109 752 1180 quaesita,
767 1112 858 1181 perin-

57 1182 91 1237 de
104 1180 224 1246 adlucre,
245 1198 326 1252 quarn
343 1181 408 1235 huic
420 1198 467 1252 per
481 1181 626 1254 ignaviam.
666 1184 752 1238 lnerat
769 1195 858 1240 tamen

57 1256 218 1329 simplicitas
228 1273 258 1310 ac
269 1254 424 1310 liberalitas:
445 1272 524 1326 quae,
535 1258 563 1310 ni
573 1257 642 1311 adsit
652 1257 759 1323 modus,
774 1262 801 1313 in
812 1277 857 1313 ex·

57 1333 136 1387 itium
149 1339 297 1386 vertuntur.
334 1328 482 1395 Amicitias,
493 1329 560 1384 dum
570 1331 753 1403 magnitudine
764 1350 859 1386 mune-

59 1424 131 1471 rum,
149 1423 203 1461 non
217 1405 361 1460 constantia
376 1421 493 1468 morum,
514 1405 643 1458 contineri
658 1413 741 1474 putat,
763 1409 859 1460 meruit

59 1481 157 1556 magis,
172 1497 255 1552 quarn
270 1480 373 1534 habuit.
411 1477 584 1550 Reipublicae
597 1478 670 1532 haud
683 1478 765 1533 dubie
779 1481 860 1534 inter-

57 1566 122 1621 erat,
135 1554 273 1611 Vitellium
286 1554 373 1609 vinci:
394 1554 442 1609 sed
456 1554 577 1624 inputare
587 1552 724 1624 perfidiam
736 1572 787 1608 non
797 1572 859 1626 pos-

58 1638 131 1696 sunt,
143 1631 191 1703 qui
202 1628 339 1686 Vitellium
350 1629 513 1700 Vespasiano
522 1626 670 1699 prodidere,
681 1645 743 1684 cum
754 1630 858 1685 aGalba

57 1706 244 1763 descivissent.
285 1705 423 1773 Praecipiti
438 1704 467 1758 in
481 1720 604 1758 occasum
619 1702 672 1767 die,
687 1703 722 1759 ob
732 1722 856 1776 pavorem

58 1782 265 1855 magistratuum
280 1787 495 1849 senatorumque,
510 1778 559 1849 qui
572 1776 669 1848 dilapsi
682 1794 716 1833 ex
726 1779 801 1845 urbe,
813 1790 859 1835 aut

58 1855 211 1928 perdemus
223 1854 360 1909 clientium
370 1861 455 1907 semet
463 1851 637 1917 occultabant,
650 1856 737 1908 vocari
749 1865 857 1911 senatus

59 1948 111 1986 ncn
125 1929 221 2002 potuit.
261 1928 451 1990 Domitianum,
466 1935 607 2000 postquam
617 1927 684 1982 nibil
695 1929 790 1985 hostile
801 1949 857 1984 rne-

59 2005 193 2069 tuebatur,
214 2001 247 2056 ad
267 2002 348 2056 duces
366 2003 482 2073 partium
495 2020 666 2076 progressum
681 2011 708 2058 et
721 2005 857 2058 Gaesarem

58 2078 266 2141 consalutatum,
281 2076 359 2130 miles
375 2075 510 2149 frequens,
525 2085 609 2151 utque
623 2078 817 2140 eratiuarmis,
827 2078 856 2130 in

58 2163 182 2227 paternos
193 2153 301 2207 Penates
311 2151 429 2206 deduxit.
