1950 3016
229 181 279 226 DE
299 181 509 229 GERMANIA.
530 183 608 230 CAP.
629 183 653 230 2.
674 179 698 230 8.
810 173 861 231 2l7

65 282 144 336 vibus
159 280 255 334 aditur.
295 279 362 347 Quis
376 299 463 353 porro,
484 291 586 354 praeter
600 281 749 354 periculum
760 282 862 338 horridi

66 364 88 410 a
102 356 188 430 ignoti
204 356 296 420 maris,
312 355 375 411 Asia
389 366 435 412 aut
444 357 532 412 Africa
543 367 588 413 aut
600 358 673 413 Italia
683 359 782 421 relicta,
795 358 863 413 Ger-

68 433 181 485 maniam
195 434 302 501 peteret,
323 431 464 486 informem
479 435 566 497 terris,
586 450 707 503 asperam
721 433 802 495 coelo,
815 433 863 486 tri·

66 513 129 559 stem
151 504 225 559 cultu
246 504 435 578 adspectuqua,
457 509 510 562 nisi
525 509 548 561 si
562 507 645 579 patria
654 506 706 561 sit‘l
724 506 863 560 Celebrant

65 580 229 635 carminibus
244 581 362 651 antiquis
374 579 456 653 (quod
470 599 556 636 unum
571 582 642 652 apud
651 580 712 636 illos
721 582 864 635 memoriae

66 661 91 707 et
100 653 235 709 annalium
245 671 331 727 genus
342 655 390 728 est)
401 657 559 711 Tuisconem
569 657 660 722 deum,
672 665 740 710 tarra
750 655 861 720 editum,

66 735 92 781 et
114 729 198 783 lilium
222 730 365 796 Mannum,
391 731 521 804 originem
544 734 632 805 gentis
650 731 862 800 venditoresque,

66 802 162 859 Manno
176 804 224 859 tris
239 804 307 859 lilios
321 805 471 879 adsignant,
486 823 623 877 equorum
637 806 792 861 nominibus
804 820 865 875 pro-

66 879 134 932 ximi
143 877 421 953 Oceanolngaevones,
433 881 514 935 medii
524 882 688 945 Hermiones,
696 883 774 935 ceteri
785 880 865 932 lstao·

66 969 151 1007 vonas
163 962 298 1009 vocentur.
338 954 453 1020 Quidam
470 964 572 1020 autem,
595 956 699 1010 licentia
713 955 861 1018 vetustatis,

65 1027 159 1099 plures
167 1028 216 1083 deo
225 1036 294 1083 ortos
304 1029 862 1103 pluresquegentisadpellationes,Marsos,

66 1101 246 1167 Gambrivios,
258 1104 368 1170 Suevos,
380 1104 521 1160 Vandalios
531 1105 685 1161 adfirmant:
706 1121 791 1176 eaque
801 1118 864 1157 vera

65 1183 92 1230 at
110 1176 219 1248 antiqua
237 1179 353 1233 nomina.
392 1178 515 1234 Ceterum
531 1181 689 1234 Germaniae
703 1178 864 1234 vocabulum

64 1266 159 1305 recens
168 1259 194 1304 et
203 1269 287 1324 nuper
297 1253 429 1320 additum;
448 1253 864 1325 quoniam,quiprimillhenum

64 1327 225 1399 transgressi
240 1327 329 1384 Gallos
347 1327 506 1399 expulerint,
528 1345 558 1381 ao
577 1344 649 1381 nunc
669 1327 781 1398 Tungri,
801 1333 865 1378 tunc

66 1400 193 1456 Germani
212 1405 295 1458 vocati
315 1405 378 1457 sint.
419 1403 455 1455 lta
475 1402 588 1457 nationis
607 1418 704 1455 nomen
724 1402 752 1454 in
768 1415 864 1453 nomen

64 1476 154 1549 gantis
167 1474 299 1531 evaluisse
313 1476 461 1548 paullatim,
479 1486 506 1530 ut
516 1493 618 1539 omncs,
633 1477 752 1546 primum
762 1491 777 1528 a
788 1473 865 1527 victis

64 1551 101 1606 ob
120 1558 232 1617 metum,
253 1570 316 1608 mox
335 1570 349 1606 a
369 1551 475 1623 seipsis,
496 1553 605 1606 invento
618 1551 726 1605 nomine
737 1546 865 1604 Germani

65 1634 233 1681 vocarentur.

120 1704 148 1754 3.
169 1700 265 1756 Fuisse
282 1701 353 1772 apud
371 1717 416 1755 eos
435 1708 460 1754 et
476 1699 616 1754 lleroulem
637 1705 792 1762 memorant,
809 1698 866 1769 pri-

65 1790 199 1845 mumque
212 1776 333 1830 omnium
345 1776 463 1830 virorum
479 1775 587 1829 [ortium
598 1775 661 1829 ituri
673 1774 701 1828 in
712 1772 811 1844 proelia
821 1789 866 1826 ca-

65 1858 144 1904 nunt.
184 1847 252 1905 Sunt
266 1849 321 1904 illis
336 1850 400 1904 haec
412 1867 520 1922 quoque
529 1851 656 1915 carmina,
669 1866 784 1920 quorum
797 1847 866 1902 rela-

66 1933 106 1990 tu,
125 1941 207 1996 quem
226 1925 355 1980 barritum
372 1932 473 1989 vocant,
494 1925 641 1980 accendunt
656 1925 771 1990 animos,
792 1921 865 1977 lutu-

65 2015 166 2072 raeque
174 2017 281 2074 pugnae
291 1999 422 2054 fortunam
433 2001 492 2070 ipso
501 2008 579 2054 cantu
589 2007 764 2072 augurantur.
802 1997 866 2050 Ter·

64 2083 125 2129 rent
134 2076 206 2128 enim
220 2075 393 2145 trepidamus,
405 2082 484 2144 prout
493 2077 582 2129 sonuit
591 2076 674 2142 acies;
696 2089 745 2127 nec
754 2079 808 2124 tam
818 2087 866 2124 vo·

65 2150 106 2204 eis
116 2148 171 2214 ille,
183 2164 265 2220 quam
278 2150 393 2213 virtutis,
407 2158 550 2204 concentus
561 2149 675 2203 videtur.
714 2144 866 2199 Adiectatur

64 2226 210 2296 praecipue
224 2226 350 2295 asperitas
366 2225 425 2278 soni
439 2232 465 2277 et
478 2222 591 2278 fractum
601 2237 736 2282 murmur,
756 2219 865 2272 obiectis

65 2298 99 2354 ad
109 2317 141 2353 os
150 2301 244 2364 scutis,
260 2316 313 2370 quo
329 2299 430 2370 plenior
442 2307 467 2352 et
475 2301 581 2370 gravior
591 2313 644 2351 vox
654 2309 812 2364 repercussu
824 2294 867 2345 in-

65 2381 206 2428 tumescat.
241 2373 363 2428 Ceterum
374 2383 399 2428 et
409 2371 513 2427 Ulixem
524 2372 634 2443 quidam
644 2370 796 2439 opinantur,
809 2365 867 2420 lon-

64 2447 152 2521 goillo
171 2458 196 2502 et
216 2448 336 2503 fabuloso
355 2464 441 2502 errore
460 2447 489 2500 in
505 2447 578 2500 huno
592 2445 727 2498 Oceanum
737 2440 864 2506 delatum,

65 2523 155 2576 adisse
165 2524 324 2578 Germaniae
334 2531 425 2585 terras,
441 2520 696 2592 Asciburgiumqus,
708 2515 780 2588 quod
791 2517 818 2569 in
830 2516 868 2568 ri·

62 2612 99 2667 pa
112 2599 196 2650 libeni
205 2599 288 2651 situm
298 2597 433 2670 bodieque
443 2595 584 2661 incolitur,
598 2593 635 2650 ab
641 2591 693 2648 'nto
702 2590 892 2645 constitutum

52 2673 289 2744 nominatumque.
330 2674 418 2730 Aram
430 2675 503 2750 quin
515 2669 694 2730 etiamlll‘mi
701 2667 919 2723 consecti-tamn
