1950 3016
251 207 461 256 ncnrconn.
481 207 561 256 ene.
580 209 605 256 ι
625 208 650 256 s.
726 276 731 283 Ι
797 202 848 261 273

50 309 168 373 nisterio,
185 315 215 363 ut
229 316 400 364 monuments
414 307 624 364 clarissimorum
637 311 805 383 ingeniorum
818 312 848 367 in

48 384 155 438 comitio
172 401 203 437 ac
222 382 277 438 foro
296 391 445 438 urerentur.
486 382 600 448 Scilicet,
619 383 666 440 iiio
682 386 745 458 igne
756 402 847 441 rocem

47 457 140 529 populi
161 459 272 513 Romani
291 467 317 513 et
336 458 483 512 libertatem
497 466 605 512 senatus
625 461 847 516 etconscientinm

46 533 154 605 generis
165 533 276 587 humani
286 533 386 588 aboleri
396 533 600 597 arbitrabantur,
606 533 727 604 expulsis
736 535 848 605 insuper

46 608 193 678 sapientiae
204 607 408 678 professoribus,
423 617 503 680 atque
512 609 585 662 omni
596 608 664 662 bona
674 617 729 662 erte
737 609 766 662 in
777 610 848 663 exsi-

46 680 116 737 lium
126 689 192 747 acta,
205 683 314 753 nequid
326 700 441 754 usquam
452 682 593 737 honestum
603 691 760 738 occurreret.
797 684 848 737 De*-

45 756 139 810 dimus
149 755 265 827 proiecto
274 756 374 830 grands
384 758 525 826 patientiae
534 758 738 813 documentum:
750 764 785 820 et,
794 759 847 812 sio-

47 839 77 886 ut
87 840 165 886 vetus
176 840 246 885 setas
258 832 332 896 vidit,
343 831 410 903 quid
421 831 547 885 ultimum
558 833 586 886 in
598 831 715 886 libertate
724 834 846 895 emetita

47 923 106 971 nos,
121 905 189 977 quid
197 907 226 960 in
237 908 373 971 servitute,
387 905 510 976 adempto
519 923 566 977 per
576 908 763 977 inquisitiones
773 916 798 962 et
808 907 847 963 lo-

45 981 150 1053 quendi
168 981 348 1052 audiendique
367 981 532 1034 commercio.
572 981 726 1037 Memoriam
737 1000 846 1054 qrroque

45 1057 135 1127 ipsam
149 1073 211 1110 cum
227 1072 291 1109 voce
303 1056 523 1126 perdidissemus,
539 1057 563 1111 si
572 1049 626 1110 tum
636 1059 664 1112 in
675 1066 763 1112 nestra
771 1067 845 1130 pote·

45 1139 113 1185 state
123 1138 193 1185 esset
202 1130 334 1195 oblivisci,
346 1148 428 1202 quam
439 1138 532 1184 tacere.

101 1281 129 1334 3.
158 1279 238 1334 Nune
255 1279 365 1333 demum
384 1278 452 1333 redit
470 1279 591 1333 animus:
624 1285 650 1332 et
667 1295 844 1349 qrramquam,

43 1356 135 1426 primo
144 1355 232 1407 statim
246 1354 392 1408 beatissimi
406 1352 504 1407 saeculi
515 1361 585 1416 ertu,
601 1353 686 1405 Nerva
698 1352 793 1406 Caesar
804 1369 845 1407 res

43 1429 111 1485 oiim
120 1428 303 1483 dissociabiies
314 1427 640 1497 miscuerit,principatum
649 1442 679 1479 ac
687 1425 844 1491 libertatem,

44 1511 195 1577 augentque
205 1504 323 1574 quotidie
333 1503 482 1558 felicitatem
495 1501 601 1572 imperii
612 1501 699 1554 Nerva
704 1500 843 1566 Traianus,

44 1596 95 1633 nec
109 1594 186 1649 spem
201 1579 279 1632 modo
293 1595 324 1632 ao
333 1586 424 1633 votum
435 1577 563 1632 securitas
571 1574 689 1647 publica,
701 1575 748 1629 sed
759 1576 845 1645 ipsius

44 1654 100 1708 voti
110 1652 277 1707 fiducismao
286 1652 376 1715 robur,
387 1651 580 1722 adsumpserit:
602 1659 694 1705 nature
705 1659 792 1704 temen
804 1651 846 1705 iu-

43 1728 179 1783 firmitatis
190 1726 323 1781 humanae
334 1726 445 1780 tardiore
456 1734 518 1780 sunt
530 1725 656 1787 remedia,
667 1742 749 1796 quam
760 1725 843 1793 maia3

44 1810 79 1869 et,
97 1810 127 1857 ut
135 1818 244 1872 corpore
258 1800 328 1855 iente
340 1809 496 1874 augescunt,
511 1801 562 1854 cito
572 1801 789 1872 exstinguuntur,
805 1801 845 1855 sic

43 1878 153 1950 ingenia
173 1877 315 1948 studiaque
332 1876 496 1947 oppresseris
515 1872 629 1939 facilius,
646 1892 727 1945 quum
738 1893 845 1931 reveca-

43 1953 126 2008 veris.
166 1950 245 2005 Subit
257 1951 357 2023 quippe
368 1952 446 2005 etiam
457 1951 543 2021 ipsius
553 1950 663 2005 inertiae
671 1950 797 2005 dulcedo:
819 1957 846 2004 et

43 2028 133 2082 invisa
148 2026 236 2096 primo
250 2026 351 2080 desidia
362 2035 494 2096 postremo
503 2033 617 2080 ametur.
655 2023 745 2090 Quid?
763 2025 786 2077 si
798 2040 845 2094 per

43 2101 199 2174 quindecim
213 2117 307 2166 annos,
318 2100 418 2174 grande
427 2099 546 2155 mortalis
556 2100 614 2153 aevi
624 2099 750 2169 spatium,
766 2097 844 2151 multi

44 2175 160 2232 fortuitis
169 2175 288 2238 essibus,
299 2176 517 2246 promptissimus
524 2175 641 2245 quisque
651 2172 759 2226 saevitia
770 2173 845 2241 prin-

44 2252 123 2320 cipis,
139 2248 348 2304 interciderunt?
366 2249 457 2314 Pauci,
473 2256 504 2303 ut
517 2251 552 2303 ita
566 2247 691 2310 dixerim,
703 2263 756 2299 non
766 2246 844 2300 modo

44 2325 169 2389 eliorum,
181 2324 316 2379 sedetiam
326 2325 409 2379 nostri
420 2325 575 2396 superstites
584 2337 694 2386 sumus;
713 2321 844 2389 exemptis

44 2417 59 2454 e
73 2400 163 2454 medis
173 2401 228 2453 vita
241 2407 278 2454 tot
289 2400 376 2464 annis,
392 2400 494 2472 quibus
506 2400 617 2451 iuvenes
627 2395 660 2449 ad
670 2402 841 2459 senectutem,

44 2492 123 2530 senes
133 2491 216 2544 prope
225 2475 259 2529 ad
268 2479 341 2546 ipsos
351 2485 456 2530 erectae
466 2472 557 2528 aetatis
567 2468 844 2539 terminos,persiien-

44 2552 114 2605 tium
124 2549 260 2604 venimus.
300 2551 358 2605 Non
378 2559 466 2604 tamen
480 2545 592 2621 pigebit,
611 2542 657 2598 uei
670 2543 809 2597 incendiis
817 2559 853 2595 so

41 2624 105 2679 rudi
117 2640 186 2685 vace,
198 2625 356 2679 memoriam
364 2625 465 2697 prioris
475 2622 620 2680 servitutis
630 2617 878 2678 setesiumorixum

23 2695 213 2823 pffaeentiuff
220 2696 359 2756 bonorum
369 2703 585 2778 composuisse.
613 2686 896 2837 ii'rginter'xmim

74 2779 165 2816 Aclws
210 2809 216 2823 ,
