1950 3016
43 191 160 269 nuru.)
238 204 315 253 ula.
338 206 376 252 11.
395 206 483 257 cnr.
503 208 621 256 aa-ar.
797 204 832 259 rt

43 308 164 361 mimum
180 308 309 375 hamram,
328 325 422 387 mppuo
434 313 518 378 ipsam
526 316 606 380 soma,
628 327 685 366 cum
694 311 831 368 llocaloot‘a

43 384 234 451 copiisodforc:
249 392 303 436 tum
311 398 403 437 ruraua
412 388 621 451 deliberaturum,
632 393 664 451 ct,
673 391 698 441 ra·
703 390 830 455 proelium

43 458 391 519 rtamtaeeuoucttevtrtoue
400 469 550 514 certaturos.

91 534 136 586 33.
157 530 304 586 Accedebat
322 535 463 589 sententiae
476 533 591 589 Paullini
609 535 710 589 Marius
721 534 827 590 Celsus:

44 604 108 661 idem
122 603 227 677 placere
242 606 329 661 Annio
339 607 422 673 Gallo,
434 626 532 680 paucos
544 609 670 664 antedius
681 608 757 680 lapsu
767 611 830 682 equi

44 679 152 746 addicto,
166 682 255 746 missi,
267 682 315 754 qui
325 682 464 738 consilium
475 685 533 739 eius
543 685 748 749 sciscitarentur,
759 694 831 738 retu-

44 754 131 811 lerant.
160 755 230 811 Otho
239 773 338 827 pronus
348 757 380 812 ad
389 758 588 815 decertandum:
609 758 687 814 irater
697 760 755 813 eius
766 759 831 813 Titi·

44 848 107 886 uuus
123 840 149 885 et
159 829 441 904 praelectus-praetorii
451 833 587 900 Proculus,
603 834 725 906 inperitia
735 851 837 906 prope.

44 914 137 971 untes,
154 905 287 961 fortunam
296 914 322 961 et
331 907 392 964 deus
402 917 427 962 et
437 927 536 964 numen
546 908 657 965 Othonis
666 909 757 965 adesse
766 926 830 965 oon-

44 979 116 1045 siliis,
129 979 219 1036 adfore
226 982 372 1048 conatibus,
384 985 553 1039 testabantur.
582 985 640 1040 Neu
649 986 712 1057 quis
721 985 828 1041 obviam

44 1060 77 1110 Ire
93 1057 239 1111 sententiaa
258 1057 373 1121 auderet,
396 1059 422 1112 in
441 1058 616 1115 adulationem
636 1068 825 1117 concesserant.

44 1132 183 1203 Postquam
192 1133 305 1205 pugnari
315 1131 450 1203 placitum,
465 1135 591 1189 interesse
599 1153 704 1210 pugnae
713 1137 828 1208 impera-

45 1223 131 1273 ·urem,
143 1223 177 1261 an
188 1208 279 1279 seponi
289 1206 385 1262 melius
395 1207 468 1274 foret,
478 1209 639 1266 dubitavere.
673 1210 793 1267 Paulliuo
802 1217 829 1264 et

45 1280 115 1337 :also
133 1282 187 1336 iam
208 1299 259 1337 nou
273 1281 482 1348 adversantibus,
497 1301 531 1338 ne
543 1285 689 1356 principem
699 1286 828 1341 obiectare

45 1354 165 1427 periculis
176 1357 335 1420 viderentur,
342 1358 422 1417 iidem
433 1357 472 1412 illi
482 1358 617 1414 deterioris
626 1358 730 1414 consilii
739 1369 829 1414 aucto·

45 1449 78 1487 es
87 1430 276 1504 perpulerant
285 1432 427 1487 Brixellum
437 1432 596 1496 concederet,
604 1451 642 1497 ac,
654 1433 743 1488 dubiis
753 1450 829 1504 proc-

45 1507 135 1563 iorum
150 1515 299 1578 exemptus,
314 1524 434 1562 summae
447 1525 536 1562 rerum
548 1516 574 1562 et
583 1508 687 1579 imperii
698 1525 727 1562 se
737 1510 827 1579 ipsum

45 1589 191 1639 enervaret.
232 1582 257 1636 ls
270 1583 374 1654 primns
383 1582 440 1637 dies
450 1582 611 1638 Othonianas
621 1591 706 1653 partes
715 1582 826 1638 adllixit.

45 1658 160 1731 lamque
170 1664 266 1711 etcum
276 1658 334 1729 ipso
343 1659 531 1730 praetoriarum
540 1658 686 1714 cohortium
700 1667 725 1713 et
733 1675 828 1731 specu-

46 1741 149 1789 uturum
164 1734 339 1805 equitumque
355 1732 441 1789 valida
456 1751 551 1788 manus
565 1733 694 1798 discessit,
705 1742 730 1789 et
742 1752 828 1789 rema·

45 1810 159 1864 rentium
180 1806 277 1864 lractus
295 1809 415 1865 animus:
440 1808 546 1881 quando
565 1811 681 1881 suspecti
695 1809 786 1876 duces,
802 1818 827 1864 et

45 1881 115 1946 ltho,
128 1882 173 1938 cui
183 1883 231 1937 uni
241 1883 312 1954 apud
322 1883 433 1938 militem
444 1883 518 1948 fides,
535 1884 598 1939 dum
610 1894 634 1939 et
645 1885 701 1956 ipsc
710 1903 762 1941 non
773 1886 825 1941 nisi

46 1957 171 2013 nilitibus
180 1957 271 2022 credit,
281 1959 392 2029 imperia
401 1959 499 2013 ducum
509 1959 537 2014 in
548 1963 646 2014 incerto
656 1959 805 2033 reliquerat.

90 2035 134 2088 at.
155 2032 228 2087 Nihil
243 2050 334 2088 eorum
344 2032 495 2089 Vitellianos
509 2033 622 2100 fallebat,
638 2035 745 2100 crebris,
757 2035 824 2090 utin

46 2107 111 2164 ivili
124 2107 203 2174 bello,
220 2107 387 2181 transfugiis:
409 2116 434 2163 et
447 2107 630 2180 exploratores,
646 2128 708 2165 cura
721 2110 825 2165 diversa

46 2182 201 2246 ciscitandi,
223 2199 271 2237 sua
291 2201 343 2238 non
362 2182 533 2239 occultabant.
573 2184 659 2251 Quieti
679 2185 825 2254 intentique

46 2258 148 2315 laecina
162 2275 193 2313 ac
204 2256 311 2325 Valens,
331 2258 437 2330 quaudo
451 2259 534 2314 hostis
547 2259 714 2331 inprudentia
727 2264 823 2321 ruerat,

46 2334 109 2407 prod
119 2333 175 2389 loco
184 2335 327 2405 sapientiae
335 2344 383 2398 est,
390 2333 502 2389 alienam
512 2331 826 2404 stultitiamopperieban-

46 2426 89 2475 ur,
104 2408 226 2464 inchoato
239 2418 317 2480 ponte
332 2412 470 2465 transitum
484 2410 546 2463 Padi
556 2407 721 2471 simulantes,
733 2406 826 2461 advar-

46 2502 83 2539 us
92 2486 240 2555 oppositam
249 2483 421 2557 gladiatorum
431 2502 551 2547 manum,
562 2502 592 2538 ac
603 2500 635 2536 nc
645 2482 763 2551 ipsorum
774 2483 826 2536 mi-

46 2576 74 2615 ae
94 2575 176 2628 segne
193 2557 275 2612 otium
293 2566 392 2613 tereret.
432 2559 532 2627 Nares,
547 2559 607 2634 pari
618 2557 840 2632 intersespat'xn,

46 2630 123 2680 addis
136 2631 270 2699 utrimque
280 2633 405 2690 trabibus
420 2653 577 2707 connexae,
588 2637 791 2696 adversnm'xn
799 2633 859 2692 ln-

47 2710 73 2749 m
81 2696 274 2768 diruebantur,
280 2703 363 2764 iectu
372 2727 465 2788 snper
476 2719 607 2790 annuns,
614 2735 695 2797 quae
704 2717 881 2778 nemimem
