1950 3016
182 112 215 165 tt
339 178 345 187 ⁸
421 113 748 161 nasuouanauu
840 102 967 181 (auara

181 218 330 273 comitatus.
370 214 491 271 Peditum
521 217 697 288 equitumque
725 214 810 286 copiis
837 212 946 269 Suetoni
970 240 974 261 ;

181 291 331 357 Paullinus,
347 290 447 346 Marius
463 291 566 356 Celsus,
582 292 687 347 Annius
698 289 792 347 Gallus
808 297 921 345 rectores
935 288 965 343 d·-

181 367 280 423 stinati.
321 365 373 422 Sed
391 367 506 438 plurima
522 367 588 421 tides
602 367 704 422 Licinio
716 363 836 430 Proculo,
856 365 970 436 praetori

182 441 320 514 praelecto.
356 443 381 497 ls
392 442 509 499 urbanae
518 441 629 497 militiae
639 442 752 514 inpiger,
764 439 898 495 bellorum
909 442 947 495 in
957 464 962 487 ι

183 517 250 583 lens,
262 518 439 573 auctoritatem
451 516 701 590 Paullini,vigorem
712 515 792 580 Celsi,
802 516 952 569 maturitate
969 540 972 561 ι

183 593 262 661 Galli,
275 602 305 649 ut
314 593 413 664 cuique
423 600 486 657 erat,
497 591 673 657 criminando,
687 591 759 663 qnod
774 589 931 644 facillimum
943 588 967 645 fa

182 677 226 724 ctu
237 678 286 735 est,
301 685 402 740 pravus
416 674 440 721 et
450 665 573 732 callidus,
585 666 666 722 bonos
676 674 702 720 et
712 666 843 721 modestos
853 665 970 720 anteibat

237 748 279 799 88.
300 742 436 814 Sepositus
455 759 503 813 per
521 759 566 797 eos
585 742 642 796 dies
656 740 795 796 Cornelius
808 738 972 795 llolabella'

182 818 311 875 coloniam
325 818 496 889 Aquinatem,
518 834 606 889 neque
619 824 675 871 arta
688 816 816 882 custodia,
835 832 961 887 nequeo

182 911 273 949 scura:
295 893 401 947 nullum
416 893 450 948 ob
463 893 574 957 crimen,
590 891 638 947 sed
648 899 751 947 vetusto
765 892 968 961 nomineetpro

181 968 330 1041 pinquitate
340 966 439 1022 Galbae
447 975 618 1023 monstratus.
637 966 969 1039 Multosemagistratibus

182 1061 307 1117 magnam
320 1042 500 1098 consularium
514 1052 616 1116 partem
627 1041 705 1106 Otho,
720 1059 772 1097 non
783 1041 925 1113 participm
935 1057 970 1095 au

183 1120 318 1173 ministros
336 1116 415 1183 bello,
437 1119 484 1173 sed
492 1120 620 1175 comitum
634 1119 732 1190 specle,
753 1135 844 1171 secum
855 1116 952 1187 expedi
971 1138 975 1160 ι

182 1195 269 1250 iubet:
290 1194 319 1249 in
333 1193 396 1265 quis
406 1202 431 1249 et
443 1193 474 1248 L.
486 1194 632 1260 Vitellium,
647 1193 739 1249 eodem
749 1210 804 1264 quo
814 1201 913 1247 ceteros
923 1209 957 1247 cu

183 1278 222 1335 tu,
243 1286 293 1324 neo
308 1278 337 1325 ut
350 1268 642 1341 imperatorisfratrem,
664 1268 856 1323 necuthostis.
897 1268 948 1340 Igit
973 1296 975 1315 ι

182 1353 252 1401 mota
267 1346 343 1401 urbis
356 1362 433 1399 cura:
455 1343 547 1399 nullus
560 1344 623 1400 ordo
633 1351 706 1398 metu
715 1351 762 1398 aut
770 1342 889 1414 periculo
899 1359 966 1397 vacu

182 1437 226 1476 us.
265 1421 397 1475 Primores
408 1427 515 1474 senatus
524 1426 606 1474 aetate
616 1418 728 1475 invalidi
738 1426 763 1473 et
772 1417 849 1491 longa
860 1434 925 1490 pace
933 1416 965 1471 d:

183 1496 265 1561 sides,
277 1496 367 1568 segnis
377 1502 403 1549 et
411 1494 492 1549 oblita
502 1493 633 1550 bellorum
643 1492 777 1556 nobilitas,
786 1494 898 1564 ignarus
909 1492 967 1547 mili

182 1572 233 1625 tiae
247 1587 339 1642 eques,
356 1577 455 1640 quanto
470 1570 556 1641 magis
569 1566 699 1623 oocultare
712 1575 737 1622 ot
749 1567 845 1622 abdere
854 1584 972 1639 pavorea

183 1644 343 1709 nitebantur,
355 1641 522 1698 manifestius
532 1642 633 1714 pavidi.
672 1642 960 1699 Neodecranteoontr

183 1722 232 1785 rio,
253 1720 301 1791 qui
316 1718 459 1773 ambitione
471 1717 574 1781 stolida,
596 1719 737 1788 conspicua
752 1735 844 1785 arma„
858 1719 973 1791 insign

183 1811 276 1866 equos,
298 1792 408 1865 quidam
427 1791 579 1849 luxuriosos
595 1792 736 1864 adparatus
755 1794 941 1850 conviviorum
961 1816 971 1838 a

136 1863 143 1878 '
182 1870 350 1926 inritamenta
360 1865 513 1933 libidinum,
524 1878 554 1923 ut
562 1869 739 1923 instrumenta
748 1867 967 1934 belli,mercaren

183 1954 235 2001 tur.
274 1942 443 2015 Sapientibus
453 1944 551 2014 quietis
565 1952 591 1999 et
604 1944 765 2014 reipublicae
774 1962 852 2000 cura:
874 1943 966 1999 levissi

183 2038 244 2075 mus
263 2020 381 2091 quisque
398 2026 423 2074 et
442 2017 525 2075 futuri
539 2019 696 2091 inprovidus
712 2036 759 2090 spe
775 2036 842 2075 vana
857 2028 964 2075 tumens

183 2095 261 2150 multi
277 2092 379 2149 addicta
393 2093 483 2148 fidein
492 2111 566 2165 pace,
578 2112 609 2150 ae
618 2095 730 2149 turbatis
740 2095 821 2150 rebus
834 2093 944 2161 alacres,
961 2118 967 2141 ι

182 2189 230 2243 per
240 2172 338 2225 incerta
348 2170 485 2225 tutissimi.

237 2249 279 2301 89.
300 2244 351 2299 Sed
362 2242 460 2317 vulgus
470 2252 495 2299 et
504 2243 687 2317 magnitudine
700 2244 783 2297 nimia
793 2245 950 2299 communiu
968 2269 972 2291 ι

183 2339 307 2376 curarum
322 2337 417 2391 expers
430 2318 555 2390 populus,
566 2320 665 2373 sentire
675 2317 813 2389 paullatim
823 2318 887 2374 belli
898 2319 967 2373 mala

183 2414 308 2453 conversa
323 2396 351 2449 in
365 2394 481 2449 militum
493 2410 574 2447 rasum
584 2393 658 2448 omni
672 2394 794 2463 pecunia,
811 2394 920 2448 intentis
931 2393 965 2448 ali

178 2481 330 2526 mentorum
338 2470 448 2542 pretiis:
470 2485 548 2541 quae,
560 2476 634 2522 motu
645 2467 775 2532 Vindicis,
786 2467 858 2522 haud
869 2468 974 2538 perind

154 2543 271 2605 plebem
280 2544 460 2613 adtriverant,
472 2562 571 2603 secura
582 2553 642 2602 tum
650 2543 721 2601 urbe
730 2541 968 2616 etprouinciaiiue

139 2607 177 2669 lo,
192 2615 501 2699 quodinteolegiones
511 2619 774 2701 Galliasqueuelut
784 2609 956 2675 asternunt
