1950 3016
125 199 175 254 ata
364 200 690 248 manourauuu
786 177 932 265 (arma

125 304 275 359 Romanum
294 301 405 368 ducem,
430 320 485 374 quo
505 303 598 357 minus
616 299 732 372 peditam
751 315 926 372 perrumpere

124 378 237 442 iuberet,
253 378 376 450 equitum
391 379 475 432 aciem
489 379 518 432 in
528 377 622 433 collem
636 376 757 449 erigeret,
778 385 868 446 spreto
878 377 927 431 bo·

125 460 177 520 ata;
199 469 291 524 quem,
308 461 406 507 tamma
417 451 575 518 conlectum,
588 451 662 506 haud
674 453 711 506 ita
721 451 884 516 locoiuvari,
898 457 926 506 ut

125 545 179 583 uou
194 527 256 599 plus
269 529 328 583 suis
342 529 371 582 in
382 529 479 582 virtute
494 527 567 582 leret.
607 526 730 582 Paullum
741 526 868 582 moraein
879 525 927 579 ad-

125 621 233 669 scensu,
244 603 310 658 dum
324 603 438 657 missilia
452 603 570 658 hostium
585 603 797 673 praerchuutur:
820 609 850 655 ut
859 616 926 673 vcu-

125 687 183 734 tum
197 681 225 733 iu
240 696 345 743 manua,
367 677 498 732 deturbati
512 678 605 732 ruinae
618 677 697 732 modo
709 676 924 748 praecipitantur.

126 754 159 808 Et
169 770 230 824 pars
240 755 373 824 equitum,
384 752 556 824 aequioribus
567 754 639 825 iugis
649 754 836 816 circumvecta,
847 750 926 805 uobi-

126 828 244 883 lisaimos
252 828 405 900 Belgarum,
416 828 444 881 in
455 828 518 899 quia
526 827 622 882 ducem
632 826 814 890 Valentinum,
825 825 905 896 oepit.

180 905 223 957 72.
244 902 355 956 Cerialis
373 911 477 972 postero
496 901 539 956 dia
549 902 680 957 coloniam
693 903 869 956 Treverorum
883 900 926 954 in·

125 993 235 1049 gressus
249 984 298 1040 est,
314 976 392 1030 avido
407 977 491 1030 milite
504 978 635 1032 eruendae
644 977 774 1031 civitatis:
794 979 926 1029 tamarae

127 1051 246 1114 Classici,
260 1054 328 1105 lucae
340 1052 452 1114 l'utoria,
461 1059 590 1118 petriam:
612 1057 703 1106 borum
714 1055 810 1105 sceiere
820 1053 926 1103 clausos

125 1141 264 1193 morasque
274 1128 391 1193 lepiooac.
431 1126 500 1190 Quid
510 1136 610 1182 tautum
622 1127 772 1181 Cremonam
781 1121 925 1178 meruisse?

125 1205 332 1269 quemapramio
341 1201 556 1268 ltolineraptam,
572 1207 636 1271 quie
645 1207 724 1256 oratur
732 1204 816 1254 noetis
824 1215 926 1253 moram

123 1279 266 1330 uictoribus
278 1279 416 1330 adtulerit:
436 1283 549 1331 riurein
564 1281 674 1346 confinio
689 1276 845 1330 smmum
857 1279 921 1328 tute

124 1367 200 1419 orom
208 1354 397 1418 andanumtais
407 1356 705 1407 eouer'taumetdueum
715 1353 924 1405 occdibmouou·

125 1433 182 1480 um.
207 1427 374 1494 liediperetur
380 1432 481 1493 proedo
492 1433 520 1481 in
529 1430 633 1496 fiscum:
652 1431 717 1494 ipsis
725 1429 926 1495 sulficereiyucs

125 1503 261 1555 etrebuiie
271 1504 498 1567 commoreremur,
514 1505 607 1570 quibua
615 1509 652 1554 tot
663 1509 809 1555 metrorum
819 1503 926 1553 excidio

124 1584 303 1643 peccarentur.
342 1574 467 1639 Cerialis,
488 1594 503 1630 a
523 1583 595 1629 matu
614 1575 753 1640 infamiae,
774 1576 798 1629 si
819 1573 925 1627 licentia

126 1650 289 1720 saevitiaque
308 1649 419 1703 inbuere
437 1650 549 1705 militem
569 1650 727 1714 mederetur,
747 1649 845 1720 pressit
859 1649 923 1702 iras.

124 1723 159 1776 Bt
170 1739 292 1792 paruere,
307 1724 394 1792 posito
406 1723 509 1779 civium
522 1724 602 1789 bello,
617 1725 651 1779 ad
663 1732 770 1779 externa
782 1723 926 1778 modestio-

125 1813 178 1851 res.
213 1796 347 1851 Convertit
357 1796 419 1851 iuda
428 1800 532 1854 animos
541 1798 925 1854 accitarumellediomatricia

124 1870 261 1942 legionum
276 1870 436 1926 miserabilis
451 1874 602 1944 adspectus.
641 1874 750 1928 Stabant
763 1873 925 1929 couscientia

124 1943 217 2018 flagitii
228 1953 352 2010 maestae,
365 1945 426 2001 fixis
436 1949 464 2002 iu
476 1957 571 2003 terram
582 1949 677 2004 oculis.
712 1947 792 2003 Nulla
802 1949 871 2002 inter
881 1963 926 2002 ao·

125 2028 218 2076 euntes
236 2022 368 2077 exercitus
387 2023 572 2079 consalutatio:
599 2041 686 2095 neque
699 2022 848 2078 solantibus
862 2021 926 2077 hor-

124 2097 276 2151 tantibusve
285 2113 411 2168 responsa
422 2099 528 2162 dabant,
536 2098 617 2153 abditi
629 2100 792 2169 pertentoria
800 2106 826 2151 et
837 2096 924 2152 lucem

124 2171 210 2242 ipsam
233 2173 354 2226 vitantes.
395 2173 449 2228 Nec
467 2173 578 2243 perinde
596 2173 745 2244 periculum
766 2181 924 2236 auimatum,

124 2263 207 2317 quam
222 2247 308 2317 pudor
322 2265 353 2301 ac
366 2248 490 2312 dedecus,
507 2247 728 2319 obstupefecerat:
750 2247 876 2302 adtonitis
885 2255 926 2301 et·

124 2321 178 2375 iam
198 2321 357 2385 victoribus,
378 2324 425 2393 qui
451 2340 541 2377 vocem
561 2340 707 2394 precesque
725 2322 852 2377 adhibere
872 2338 925 2376 nou

124 2397 192 2458 ausi,
205 2395 322 2450 lacrimis
332 2415 363 2451 ao
372 2397 478 2452 silentio
487 2398 592 2453 veniam
604 2398 759 2468 poscebant:
781 2398 866 2452 donae
875 2395 926 2452 Ce-

124 2473 162 2524 ria
167 2470 198 2524 lis
209 2470 336 2526 mulceret
346 2474 520 2540 animositate
528 2482 589 2526 octo
599 2473 732 2536 dictitans,
740 2490 806 2541 quea
813 2475 926 2526 miiitum

119 2550 679 2618 duceretquedrbcordiaoatsroudoboatium
689 2554 840 2602 euenissent.
866 2547 927 2600 Pri·

104 2635 178 2672 mum
193 2624 272 2678 silum
285 2631 484 2698 stipendiorum
499 2632 526 2682 ol
540 2628 704 2680 tucrummtti
719 2624 932 2675 diembobarcnta

82 2695 217 2755 mbram
229 2705 396 2770 (acinorum
411 2723 502 2782 nequa
516 2708 715 2778 imperatorem
725 2708 812 2763 usqua
820 2707 849 2743 t·
860 2691 953 2740 mum·
