1950 3016
73 196 107 254 to
315 190 639 246 ursnournnttir
738 187 811 263 (nn.

130 304 171 356 ll.
193 300 258 355 Viso
271 302 394 356 cominus
408 307 569 356 armatorum
585 298 702 373 agmine,
718 295 811 354 vexilla

74 376 212 432 comitatae
223 375 335 431 Galbam
345 377 460 432 cohortis
470 375 592 449 (Atilium
603 375 641 429 Ve
675 371 811 429 'lionemlr

74 449 191 524 tradunt)
205 451 340 522 dereptam
355 451 454 506 Galbae
466 450 611 524 imaginem
622 464 652 505 so
661 468 678 505 o
687 447 798 504 adflixit.

75 527 154 600 siguo
168 526 308 581 manifesta
322 527 350 581 in
364 524 495 580 Othonem
510 527 633 580 omnium
648 525 765 580 militurn
776 530 811 578 stt

75 602 212 656 desertum
226 601 289 676 iuga
304 600 397 672 populi
414 599 512 665 iorum,
524 599 647 654 destricta
657 594 811 655 adversusrl

75 685 160 732 tentes
169 675 230 731 tela.
270 677 345 730 quta
355 673 441 729 Curtii
454 673 540 728 lacum
552 668 724 746 trepidatione
735 672 811 727 ierom

76 752 162 807 Galba
176 751 309 824 proiectus
323 767 338 803 a
350 749 414 804 sella
427 764 457 803 ac
467 747 623 820 provolutus
634 756 682 803 cst.
721 748 811 802 Extrer

76 828 135 882 eius
150 842 252 890 vocem,
268 833 299 881 ut
311 825 411 896 cuique
424 823 515 877 odium
529 830 575 878 aut
584 822 723 878 admiratio
733 820 811 887 fuiti

75 901 224 974 prodidere.
263 899 332 964 Alii,
351 898 506 970 suppliciter
525 899 710 972 interrogasse,
731 901 795 968 quid

75 973 229 1031 meruisset?
252 986 353 1045 pancos
371 978 426 1028 dies
444 975 599 1028 resolvendo
612 977 734 1028 donativo
752 970 811 1044 depr

76 1060 149 1106 tum:
173 1049 275 1122 plures,
295 1047 425 1104 obtulisse
438 1047 507 1103 ultro
520 1048 723 1120 percussoribus
738 1046 811 1121 iugul

76 1134 181 1195 opereat
200 1143 232 1180 ae
246 1129 363 1195 purant,
382 1129 406 1179 ss·
420 1129 459 1178 ito
473 1127 630 1191 erepublica
640 1126 779 1178 videretur.

76 1199 197 1255 interluit
205 1199 392 1263 occidentium,
403 1197 471 1270 quid
480 1197 587 1254 diceret.
613 1198 810 1269 Depercussore

77 1276 141 1329 satis
155 1282 264 1330 constat.
304 1273 420 1340 Quidam
435 1272 587 1327 Terentium
602 1282 750 1336 evocatum,
766 1270 810 1327 alii

77 1349 199 1418 cauium;
220 1349 336 1405 crebrior
349 1347 418 1402 lama
433 1346 539 1402 tradidit
551 1347 709 1403 Camurium
723 1346 782 1401 XV.
794 1346 810 1400 1ι

77 1426 120 1480 nis
135 1425 258 1490 militem,
278 1426 400 1496 inpresso
413 1418 511 1497 gladio,
532 1420 658 1497 iugulum
673 1425 732 1477 eius
743 1422 810 1476 haus

77 1499 162 1556 Ceteri
176 1517 253 1555 crura
268 1499 430 1571 brachiaque
448 1498 520 1572 (nam
529 1506 623 1568 peetus
638 1495 783 1572 tegebatur)
802 1496 810 1550 i

77 1573 224 1630 laniavere:
249 1574 376 1646 pleraque
386 1573 497 1628 vulnera
512 1569 613 1627 feritate
625 1581 650 1627 et
662 1572 772 1627 saevitia
783 1579 810 1626 tr

76 1650 131 1706 iam
142 1650 244 1721 corpori
254 1649 362 1703 adiecta.

133 1727 174 1780 ir.
194 1723 285 1780 Titum
299 1717 362 1777 inde
371 1720 482 1775 Vinium
497 1720 627 1776 invasere.
668 1722 705 1775 De
714 1734 769 1793 quo
783 1728 809 1775 et

77 1799 232 1872 ambigitur,
247 1796 477 1868 consumpseritne
487 1810 578 1850 vocem
592 1796 651 1850 eius
664 1796 767 1850 instans
777 1812 810 1852 mn

77 1888 111 1928 an
121 1872 331 1944 proclamaverit,
347 1888 398 1925 nort
410 1887 463 1925 ease
471 1874 505 1924 ab
516 1871 614 1927 Othone
623 1875 809 1934 mandatumst

78 1952 214 2002 rideretur.
234 1945 311 2012 Quod
321 1963 368 2000 scu
379 1945 458 2000 finxit
467 1942 618 2010 formidine,
630 1962 676 2000 seu
688 1946 809 2001 oonseien

77 2022 267 2078 coniurationis
276 2019 414 2076 confessus
423 2028 476 2076 est:
497 2019 650 2091 hucpotius
660 2022 719 2075 eius
729 2022 782 2075 vita
793 2018 809 2074 ir

77 2114 131 2171 que
145 2095 264 2160 inclinat,
285 2102 316 2150 ut
329 2095 452 2150 conscius
465 2094 573 2150 sceleris
584 2094 673 2159 fuerit,
693 2096 809 2149 cuiusce

77 2180 140 2228 erat.
181 2168 249 2225 Ante
258 2169 349 2224 aedem
364 2170 391 2226 d.
407 2170 468 2225 Iulii
482 2168 572 2236 iacuit,
587 2171 674 2241 primo
684 2170 737 2223 ictu
748 2171 809 2240 inp

77 2256 140 2312 tem,
156 2261 220 2300 mox
230 2263 244 2300 a
255 2243 322 2300 lulio
331 2244 408 2311 Caro,
423 2244 565 2320 legionario
575 2244 670 2309 milite,
682 2252 809 2316 utrumqu

76 2330 120 2377 tus
131 2320 365 2376 transverberatus.

133 2397 174 2451 63.
196 2394 331 2469 insignem
346 2394 391 2450 illa
402 2393 445 2449 die
455 2394 544 2450 virum
556 2393 742 2464 Sempmnium
757 2394 809 2448 Den

77 2479 147 2525 aetas
170 2479 258 2526 nostra
273 2470 349 2526 vidit.
389 2469 515 2525 Centurio
533 2468 809 2540 ispractoriaooobort

77 2545 161 2602 Galba
171 2545 305 2600 custodiae
314 2546 418 2600 Pisonis
428 2543 544 2608 additus,
559 2544 648 2598 stricto
658 2545 809 2616 pugionem

76 2636 138 2675 rens
149 2622 257 2675 armatis
267 2628 292 2674 et
302 2619 390 2675 scelus
400 2617 610 2690 exprobrans,ao
620 2617 696 2673 modo
706 2630 787 2672 manu
798 2634 809 2671 r

77 2713 141 2751 voco
149 2695 275 2751 vertendo
286 2697 316 2750 in
329 2711 359 2750 se
368 2708 547 2766 percussores,
562 2704 727 2766 quamquam
738 2690 809 2748 tuln·
