1950 3016
58 192 167 269 mar.)
246 203 326 249 nra.
346 201 396 250 ιν.
418 203 508 250 cnr.
530 202 573 250 ar.
595 204 636 251 aa.
792 184 839 251 'rat

56 312 122 361 rtur.
163 304 314 359 Vasconum
326 303 406 357 lectae
417 321 431 358 a
444 304 529 359 Galba
539 304 657 360 cohortos
667 322 698 361 ac
706 312 764 360 turn
775 307 845 361 acci-

56 398 91 447 te,
103 380 172 435 dum
182 381 277 433 castris
286 379 477 450 propinquant,
494 380 585 434 audito
594 380 779 451 proeliantium
791 381 845 435 cla-

56 472 126 521 nore,
148 455 263 508 intentos
282 454 370 509 hostes
384 471 398 507 a
413 461 486 527 tergo
499 454 640 519 invadunt,
661 454 843 527 latioremque,

55 548 125 605 mam
141 546 190 600 pro
204 544 325 594 numero,
347 527 599 586 terrorem'saciunt:
622 529 683 584 aiiis
695 530 843 595 aNovesio,

57 606 130 662 iiisa
144 604 318 677 Mogontiaco,
336 605 476 658 universas
486 606 576 675 copias
586 603 728 658 advenisse
737 602 846 659 credon-

54 682 126 736 ibus.
168 679 193 732 Is
204 695 276 733 error
286 678 412 733 Romanis
421 678 494 733 addit
503 681 616 743 animos,
629 686 663 745 et,
675 678 742 733 dum
752 678 846 733 alicnis

55 756 150 811 itibus
162 752 307 818 confidunt,
319 770 382 807 suas
393 770 523 825 recepere.
544 755 719 809 Fortissimus
729 755 847 827 quisque

55 830 188 893 *Batavis
207 835 338 900 quantum
352 828 474 899 pediturn
488 836 556 894 erat,
573 828 737 885 funduntur:
763 845 846 900 eques

54 906 129 961 ussit
142 920 206 959 curn
221 903 307 975 signis
317 904 494 975 captivisque,
517 922 584 976 quos
595 907 681 976 prime
692 906 749 959 acio
758 905 847 959 conri-

54 987 167 1035 merant.
207 977 352 1032 Cossorum
366 994 397 1032 eo
407 977 460 1042 die,
471 980 499 1032 in
511 981 631 1050 partibus
643 981 750 1047 nostris,
761 980 846 1035 maior

53 1072 176 1113 numerus
185 1052 356 1121 etinbeliior3
376 1052 542 1108 aGermanis
551 1056 608 1126 ipsa
619 1056 728 1110 robora.-

99 1133 142 1185 34.
164 1130 224 1184 Dux
233 1136 355 1200 uterque,
371 1128 429 1199 pari
441 1129 519 1200 culpa
530 1132 641 1185 meritus
651 1131 772 1195 advorsa,
784 1147 846 1202 pro-

54 1206 131 1279 peris
144 1203 262 1258 defuere.
300 1204 369 1257 Nam
384 1202 488 1268 Civilis,
506 1204 529 1257 si
544 1206 691 1260 maioribus
705 1205 790 1275 copiis
804 1206 847 1259 in-

53 1281 188 1338 truxisset
196 1280 289 1342 aciem,
298 1278 435 1333 circumiri
446 1296 460 1331 a
470 1286 523 1332 tam
534 1280 628 1349 paucis
637 1279 790 1334 cohortibus
799 1295 847 1332 no-

53 1358 159 1431 misset,
180 1361 321 1425 castraque
339 1361 464 1425 perrupta
484 1353 648 1407 exscidisset.
689 1351 788 1408 Vocula
799 1368 848 1406 nec

53 1432 190 1489 idrontum
209 1430 327 1484 hostium
342 1428 503 1499 exploravit,
524 1444 609 1499 eoque
626 1426 708 1482 simui
723 1444 847 1499 egressus

53 1508 196 1578 notrisque.
236 1505 302 1559 Dein
317 1504 442 1559 victoriae
454 1519 551 1574 parum
566 1502 693 1567 confisus,
708 1503 777 1557 tritis
792 1501 848 1556 fru-

53 1591 98 1639 tra
117 1581 224 1643 diebus,
247 1587 332 1633 castra
351 1579 380 1633 in
395 1578 498 1633 hostem
510 1579 607 1633 movit:
629 1595 710 1650 quem
724 1578 747 1632 si
758 1578 847 1631 statim

53 1657 184 1731 npeilere,
199 1670 365 1726 cursumque
375 1671 465 1708 rerum
477 1654 555 1725 sequi
565 1660 733 1718 maturasset,
745 1653 848 1708 solvere

52 1733 181 1789 rbsidium
200 1730 335 1803 legionum
347 1728 439 1783 eodem
452 1729 543 1799 inpetu
558 1730 652 1800 potuit.
693 1730 848 1784 Tentaverat

53 1809 154 1865 nterim
168 1805 263 1860 Civilis
273 1804 443 1859 obsessorum
457 1804 570 1869 animos,
583 1813 718 1876 tamquam
730 1806 847 1876 perditae

52 1882 117 1959 rpud
130 1883 263 1936 Romanos
279 1896 331 1945 res,
348 1887 374 1934 et
387 1880 445 1933 suis
454 1879 563 1934 victoria
574 1881 748 1951 provenisset.
787 1881 847 1935 Cir-

52 1957 261 2015 tumierebantur
271 1955 348 2028 signa
358 1953 523 2024 vexillaque:
542 1957 662 2010 ostentati
673 1957 752 2010 anum
763 1956 847 2025 copti-

51 2034 83 2091 ἡ.
123 2032 166 2086 Ex
179 2031 281 2103 quibus
296 2046 378 2094 unrrs,
399 2030 537 2102 egregium
547 2028 651 2085 fucinus
660 2047 754 2092 ausus,
776 2029 847 2081 clara

51 2115 193 2181 rocagesta
203 2104 334 2177 patefecit,
343 2104 482 2159 confossus
492 2104 563 2160 illico
573 2123 588 2159 a
599 2105 750 2160 Germanis.
772 2102 847 2156 Unde

51 2184 131 2239 naior
141 2180 224 2236 indici
237 2179 312 2234 fides.
352 2179 438 2233 Simul
449 2181 593 2235 vastatione
603 2179 789 2249 incendiisque
801 2175 848 2229 ssa-

51 2259 181 2335 pnntium
192 2255 328 2319 villarum,
342 2256 435 2309 venire
445 2256 569 2310 victorem
581 2255 737 2316 exercitum,
749 2249 848 2305 intolli-

51 2334 166 2409 3ebatur.
206 2332 388 2398 incomperta
403 2339 549 2385 castrorum
564 2331 686 2383 emetitur·
698 2331 783 2394 eipso,
793 2332 848 2396 [oa-

50 2426 151 2478 romqua
164 2415 190 2461 at
202 2409 301 2460 troilum
318 2409 478 2459 circumdari
495 2403 593 2460 Vocula
614 2402 702 2457 iubet:
726 2405 848 2468 depositis

50 2486 227 2553 iupedimentis
239 2485 410 2549 meritisque,
430 2483 546 2546 expediti
561 2483 698 2532 certrrrent.
737 2476 805 2530 iiiuc
818 2474 849 2528 in

50 2555 378 2627 lucemclamorpugnom
391 2554 575 2627 poscentium.
601 2550 868 2608 Etminar'iuusue-

50 2638 138 2684 mne.
178 2630 236 2680 Nec
254 2638 374 2700 temporo
393 2630 514 2706 quidem
534 2630 575 2687 ad
586 2625 785 2689 orrirunnuum
794 2624 895 2677 aerem

50 2709 107 2767 W*
118 2700 296 2771 ''flfflfflfflffi
304 2705 437 2783 fessique
446 2709 602 2785 proelium
611 2720 792 2784 sumpsere.
824 2696 919 2750 iffi
