1950 3016
76 183 201 259 aare.)
281 192 362 239 aaa.
380 193 433 240 1-11.
454 194 542 241 oar.
563 194 683 240 rs-so.
831 189 880 242 tot

77 297 146 363 ruit;
167 294 304 366 ceterique
317 294 409 359 ducos,
429 295 496 349 dum
509 302 645 366 peractum
660 294 761 350 bellum
774 302 879 366 putant,

77 370 160 425 linem
175 370 236 425 eius
250 369 423 441 insignivere.
463 371 503 423 No
517 369 627 425 Petilius
636 370 747 441 quidem
757 369 878 434 Cerialis,

76 462 139 501 oum
150 444 227 499 mille
237 444 374 515 equitibus
385 446 558 514 praemissus,
569 452 600 499 ut
608 445 768 499 transversis
777 445 880 501 itineri-

76 520 129 575 bus
143 537 194 590 per
208 536 304 591 agrum
318 518 448 573 Sabinum
462 518 562 574 Salaria
578 520 623 575 via
637 519 733 573 urbem
749 520 877 584 introiret,

76 596 141 649 satis
151 602 342 659 maturaverat,
352 593 437 649 denen
444 593 547 649 obsessi
557 592 680 665 Capitolii
691 592 762 649 lama
771 602 879 651 cunctos

76 668 159 723 simul
171 668 280 723 exciret.

130 746 176 798 79.
198 743 332 797 Antonius
339 759 388 813 per
397 742 556 797 Flaminiam
568 742 601 797 ad
611 742 679 799 Saxa
690 743 781 807 rubra,
795 743 879 798 multo

77 820 132 873 iam
145 819 243 881 noctis,
265 834 356 871 serum
371 816 503 871 auxilium
518 818 600 872 venit.
639 817 698 873 lllie
711 816 877 873 interiectum

75 892 225 957 Sabinum,
249 891 424 964 oonllagrasso
442 891 617 963 Capitolium,
641 901 753 947 tremere
771 893 876 957 urbem,

76 976 177 1023 maesta
191 968 282 1021 omnia
297 969 409 1037 aecepit:
429 966 534 1037 plebem
549 984 659 1039 quoque
672 976 697 1021 et
711 969 819 1023 servitia
830 985 877 1039 pro

74 1042 184 1097 vitellio
198 1042 305 1105 armari,
322 1041 502 1095 nuntiabatur.
540 1042 576 1096 Et
584 1042 677 1097 Petilio
686 1041 781 1097 Ceriali
794 1059 877 1115 eque-

74 1126 129 1172 stre
142 1116 276 1188 proelium
291 1116 433 1172 adversum
451 1115 545 1171 fuerat.
585 1118 707 1188 Namque
726 1118 874 1181 incautum,

76 1200 251 1262 ettamquam
266 1190 301 1245 ad
310 1192 394 1245 victos
404 1199 534 1256 ruentem,
557 1190 702 1255 Vitelliani,
724 1193 876 1247 interiectus

74 1267 160 1339 equiti
170 1266 261 1336 pedes,
273 1283 408 1337 excepere.
447 1266 598 1338 Pugnatum
608 1265 680 1320 haud
694 1265 785 1334 procul
798 1266 874 1330 urbe,

74 1342 143 1397 inter
165 1340 286 1395 aedificia
304 1340 448 1412 hortosque
462 1348 488 1395 et
501 1338 636 1394 anfractus
646 1340 762 1393 viarum.
802 1337 876 1403 Quae

73 1433 157 1489 gnara
162 1415 490 1486 Vitellianis,inoomperta
500 1414 632 1478 hostibus,
639 1420 740 1467 metum
751 1411 874 1469 leoerant.

73 1492 169 1563 Neque
178 1491 268 1545 omnis
277 1507 360 1561 eques
370 1507 488 1553 oonoors,
499 1488 631 1543 adiunctis
641 1487 816 1558 quibusdam,
827 1488 876 1558 qui

73 1582 161 1637 nuper
171 1563 375 1637 apudNarniam
384 1564 476 1628 dediti,
485 1562 617 1619 fortunam
627 1562 743 1632 partium
754 1561 876 1632 specula-

72 1640 182 1696 bantur.
223 1638 332 1709 Capitur
345 1638 493 1710 praeleetns
507 1637 576 1702 alae,
593 1636 699 1691 Tullius
713 1637 873 1693 Flavianus:

72 1717 152 1771 oeteri
167 1714 243 1769 foeda
259 1713 322 1787 luga
336 1720 547 1776 consternantur.
563 1730 616 1767 non
627 1711 696 1767 ultra
708 1712 822 1767 Fidenas
831 1729 875 1767 so-

72 1791 142 1845 cutis
152 1788 309 1845 ueteribus.

98 1902 102 1909 -
128 1867 173 1919 80.
192 1863 233 1917 Eo
247 1879 375 1917 successu
387 1861 475 1916 studia
486 1859 577 1932 populi
587 1868 672 1916 aucta
712 1861 817 1936 Vulgus
827 1882 873 1919 ur-

73 1938 177 1993 banum
196 1954 272 1992 arma
292 1938 369 2007 oepit.
410 1936 505 1991 Paucis
518 1944 592 1990 scuta
605 1936 744 2005 militaria3
768 1938 871 2009 plures,

72 2015 167 2083 raptis,
181 2011 255 2084 quod
265 2013 365 2083 cuique
373 2011 493 2075 obvium,
505 2009 575 2076 telis,
591 2012 699 2084 signum
710 2030 816 2083 pugnae
826 2030 873 2065 ex·

72 2095 196 2159 poscunt.
236 2087 300 2159 Agit
311 2094 399 2159 grates
415 2085 548 2151 Vitellius,
563 2094 589 2139 et
597 2087 631 2140 nd
641 2086 766 2140 tuendum
777 2086 871 2139 urbem

71 2178 247 2233 prorumpere
257 2161 341 2216 iubet.
375 2159 873 2232 Mox,vooatosenatu‚deliguntur-lo-

71 2238 125 2309 gati
139 2236 175 2291 ad
188 2237 331 2300 exercitus,
346 2241 377 2289 ut
385 2243 521 2306 praetextu
531 2234 693 2305 reipublicae
705 2234 872 2287 eonoorrliam

70 2328 219 2384 panemque
229 2310 380 2365 suaderent.
413 2311 492 2367 Varia
502 2309 647 2382 legatorum
658 2326 716 2362 sors
727 2306 786 2361 luit.
819 2306 872 2372 Qui

71 2384 609 2450 PetilioCerialiooourrerant,extremum
618 2382 763 2437 discrimen
772 2380 869 2446 adiere.

70 2470 230 2533 aspernante
240 2459 496 2515 militeoonditiones
509 2460 593 2528 pacis.
625 2456 872 2529 vulneraturprao-

70 2544 110 2591 tor
124 2535 262 2591 Arulenus
275 2535 410 2590 Rusticus.
450 2533 536 2589 Auxit
544 2530 887 2602 tantiamauqeruoa-

63 2606 149 2661 latum
158 2608 241 2678 legati
243 2610 435 2686 praetorisque
445 2631 562 2681 nomen,
571 2609 691 2686 propria
698 2602 911 2684 bigemmem.

63 2678 181 2733 blanter-
187 2683 318 2745 wmites:
337 2690 482 2750 occiditur
491 2682 936 2769 proximuslietormaoeaexe
