1950 3016
92 191 124 246 tt
330 198 653 247 ursronrnnul
751 189 888 266 (aneia.

90 296 281 370 praefecturam
291 298 405 373 vigilum
415 308 440 354 et
448 300 574 372 praetorii
583 299 669 355 atelle
678 301 889 372 prsemiavirtu·

90 372 342 444 tumqniaveloeius
351 376 485 431 eretritiis
494 375 804 446 adepraaerudelietera
813 394 888 445 mox,

89 448 185 502 deinde
195 450 333 505 avaritiam
342 460 367 504 et
378 450 464 505 virilia
475 451 573 505 seelera
583 452 845 523 exercuit,nonrupto
855 450 889 507 ed

90 540 171 579 omne
189 522 292 579 lacinus
305 527 421 592 Nereue3
442 525 575 596 quaedam
592 527 790 599 ignaroaueue,
801 544 888 598 aepo-

91 607 188 653 stremo
199 600 319 655 eiusdem
328 601 444 655 desertor
454 618 485 654 ae
494 601 621 671 proditor.
655 601 731 655 Unde
739 618 792 657 non
804 601 888 657 alium

89 675 251 746 pertinacius
274 674 308 729 ad
329 692 441 745 poenum
463 673 627 748 flagitavere,
648 675 755 731 divuso
773 676 888 741 adfectis,

90 749 191 821 quibus
209 750 300 805 odium
315 749 427 804 Neronis
440 750 535 814 inerat,
555 758 581 804 et
595 751 697 822 quibus
710 751 885 806 desiderium.

89 824 169 896 Apud
180 824 291 879 Gelliam
302 824 331 877 T.
345 824 416 879 Vinii
426 826 542 896 potentia
552 824 688 891 defensus,
698 827 888 897 praetexentis,

89 908 219 954 mentam
234 902 268 952 ob
279 916 308 951 en
320 902 411 967 filiam.
449 901 483 955 Et
492 900 563 955 fraud
573 900 655 955 dubie
662 910 823 966 servaverat,
834 918 887 959 non

90 974 238 1037 clementie,
253 973 354 1044 quippe
367 982 404 1029 tot
418 975 571 1039 interfectis,
593 976 641 1031 sed
654 975 754 1050 effugio
769 977 798 1031 in
814 975 888 1033 futes·

90 1065 165 1115 rum3
186 1048 251 1119 quia
264 1049 401 1119 pessimus
412 1051 540 1122 quisque,
552 1049 697 1106 diffidentia
705 1053 888 1124 praesentium

90 1123 261 1177 mutationem
275 1140 386 1194 pavens,
402 1124 531 1181 adversus
544 1126 683 1197 publicum
693 1127 785 1183 odium
795 1128 886 1199 priva·

91 1206 144 1253 tam
158 1198 269 1271 gratiam
282 1206 433 1269 praeparem
454 1199 527 1255 unde
542 1200 615 1255 nulla
634 1202 798 1256 innocentiae
810 1220 886 1268 eura,

90 1273 138 1328 sed
145 1273 218 1328 vices
228 1274 394 1343 inpunitatis.
432 1274 471 1329 Eo
480 1274 608 1331 infensior
617 1275 744 1347 populns,
755 1277 842 1331 addite
853 1275 886 1332 ad

90 1356 166 1404 vetus
177 1348 299 1421 Tigellini
310 1349 402 1404 odium
413 1351 509 1404 reoenti
520 1351 551 1406 T.
564 1351 636 1406 Vinii
646 1351 762 1406 invidia:
774 1369 886 1407 eunoun·

90 1442 148 1480 rere
160 1441 175 1478 e
188 1432 239 1479 tota
253 1424 320 1479 urbe
334 1425 363 1479 in
378 1423 506 1495 palatium
524 1443 554 1479 ae
570 1425 633 1487 fora,
649 1433 684 1491 et,
704 1426 752 1480 ubi
768 1425 887 1497 plurima

89 1498 166 1573 vulgi
176 1499 289 1565 lieentia,
300 1501 329 1555 in
341 1501 484 1554 circumeo
492 1501 590 1555 theatra
600 1501 686 1567 effusi,
699 1501 832 1557 seditiosis
838 1519 885 1556 vo-

90 1576 167 1630 cibus
183 1575 347 1646 obstrepere:
368 1574 451 1630 donea
465 1574 623 1648 Tigellinus,
639 1584 743 1646 accepto
757 1577 831 1647 opud
842 1576 885 1633 Si·

90 1666 235 1705 nuessanus
253 1668 337 1721 aquas
356 1666 497 1720 supremae
511 1651 675 1705 necessitatis
691 1652 794 1717 nuntio,
816 1653 885 1707 inter

90 1734 182 1795 stupra
195 1725 402 1780 concubinarum
417 1733 443 1778 et
455 1725 545 1779 osenla
558 1734 584 1780 et
593 1725 723 1781 deformes
733 1744 831 1792 moras,
842 1745 886 1782 se-

89 1801 140 1856 ctis
154 1799 280 1854 nevaeule
297 1798 428 1864 faucibus,
443 1799 570 1855 infamem
584 1802 668 1857 uitam
679 1800 794 1857 foedavit
805 1804 885 1857 etiam

90 1879 163 1933 exitu
173 1893 231 1930 sera
240 1883 266 1929 et
275 1875 422 1930 inhoneste.

144 1952 186 2005 73.
208 1950 257 2004 Per
275 1951 346 2004 idem
366 1959 471 2022 tempus
491 1950 654 2023 expostulata
673 1951 707 2006 ad
720 1951 885 2023 supplicium

91 2025 183 2083 Galvia
203 2024 357 2096 Crispinilla
376 2027 460 2081 variis
478 2026 707 2091 frustrationibus,
731 2036 756 2082 et
773 2024 885 2083 adversa

89 2099 286 2159 dissimulantis
304 2101 432 2172 principis
451 2101 535 2168 fame,
558 2102 677 2174 periculo
694 2111 814 2174 exempta
834 2111 884 2159 est.

89 2179 212 2250 Megistru
224 2177 366 2230 libidinum
377 2178 498 2241 Neronis,
513 2185 676 2252 transgressa
686 2179 716 2231 in
725 2176 841 2232 Abicam
852 2178 887 2235 ed

89 2251 272 2326 instigandum
282 2253 310 2306 in
321 2269 393 2306 arma
404 2251 527 2309 Clodium
537 2254 667 2318 fluorum,
679 2252 775 2307 famem
786 2253 886 2324 populo

89 2328 165 2384 Rom
178 2327 369 2381 heudobscure
379 2328 484 2393 molita,
502 2330 581 2384 tenus
592 2336 679 2400 postea
694 2329 809 2383 civitatis
823 2346 886 2402 gre-

90 2405 152 2459 tiam
163 2402 292 2467 obtinuit,
313 2402 445 2457 cansuleri
456 2404 623 2458 matrimonio
636 2403 761 2467 subnixa,
773 2412 800 2458 et
813 2403 886 2475 apud

91 2477 212 2541 Galbam,
225 2477 364 2541 Othonem,
377 2477 512 2532 Vitellium
527 2477 640 2531 inlaesa:
663 2495 725 2533 mox
735 2486 828 2549 potens
837 2496 886 2550 pe-

90 2554 167 2675 orlinis
179 2561 204 2607 et
213 2553 331 2618 orbitate,
339 2553 492 2625 quaebonis
500 2552 885 2626 malisquelemporibusiuxte

73 2640 106 2675 ra
116 2633 170 2678 ent.

109 2694 154 2750 74.
178 2697 302 2758 crebrae
317 2704 446 2778 interim,
463 2715 495 2767 et
509 2696 916 2768 muliebribusblandimentis
