1950 3016
142 204 193 262 iil
382 202 712 254 HISTORIARUI
804 197 942 275 (mmm.

197 314 223 365 8.
244 310 339 384 Magna
353 326 415 380 pars
429 308 539 363 Iudaeae
549 307 616 363 vicis
627 306 800 382 dispergitur.
839 308 943 366 liabent

141 394 167 441 et
185 385 291 457 oppida.
332 383 511 457 Hierosolyma
530 384 603 456 genti
622 390 714 454 caput:
735 383 793 439 illio
805 384 943 441 inmensae

141 462 291 533 opulentiae
300 458 440 530 templum,
460 459 494 512 Et
503 458 598 529 primis
608 459 783 513 munimentis
793 459 871 522 urbs,
881 460 942 515 dein

142 538 224 609 regia.
263 535 405 605 Templum
420 533 531 588 interius
543 532 680 589 clausum:
701 533 735 588 ad
753 532 823 588 iores
838 542 942 589 tontum

141 611 238 666 ludaao
251 610 353 665 editus:
374 609 476 671 limine.
492 616 593 680 praeter
602 607 759 673 sacerdotes,
773 609 940 666 arcebantur.

141 687 211 741 Dum
231 685 355 759 Assyrios
370 701 451 755 penes
464 683 608 755 Medosque
621 691 647 737 et
662 684 754 737 Persas
767 681 867 739 Oriens
881 683 939 753 luit,

140 761 340 833 despectissima
352 776 413 830 pars
423 758 612 812 servientium:
633 767 774 830 postquam
784 756 940 815 Macedones

140 846 320 909 praepotuere‚
337 851 385 888 rex
398 833 555 898 Antiochus,
570 833 676 887 demere
688 834 907 905 superstitionem
916 842 941 889 et

141 928 228 966 mores
239 910 399 964 Graecorum
410 908 472 962 dare
481 908 667 978 adnixue‚quo
677 909 769 962 minus
779 912 939 964 teterrimam

140 994 245 1058 gentem
257 984 284 1037 in
296 983 393 1037 niellus
402 991 524 1047 mutaret,
543 982 698 1037 Parthorum
709 982 778 1037 bello
788 985 939 1054 prohibitos

140 1066 188 1113 est.
229 1060 296 1112 Nam
314 1075 345 1111 ea
368 1066 521 1128 tempestate
538 1058 650 1112 Arsaces
671 1057 828 1113 desciverat.
870 1060 937 1115 Tum

140 1132 435 1197 Iudaei‚lllace‹lonibus
445 1131 580 1196 invalidis,
588 1133 691 1187 Parthis
700 1132 819 1187 nondum
828 1134 934 1201 adultis,
969 1166 973 1177 ·

139 1207 174 1283 (et
185 1208 295 1263 llomani
308 1208 399 1278 procul
409 1207 493 1279 erant)
502 1206 553 1261 sibi
565 1208 617 1278 ipsi
628 1224 703 1280 reges
713 1208 872 1279 inposuere:
892 1208 937 1281 qui
968 1206 972 1221 '

139 1284 285 1339 mobilitate
295 1283 369 1355 vulgi
380 1282 496 1353 expulsi,
512 1290 646 1352 resumpta
657 1300 704 1354 per
714 1300 787 1337 orma
797 1283 936 1339 dominati-

138 1376 198 1423 one,
211 1358 288 1432 lugas
297 1360 409 1421 civium,
421 1358 529 1412 urbium
540 1359 700 1421 eversiones,
714 1357 836 1423 fratrum,
848 1362 936 1415 eoniu-

138 1450 215 1509 μω,
236 1441 375 1505 parentum
393 1449 469 1486 uoces
479 1431 584 1502 aliaque
596 1432 671 1486 solita
683 1433 793 1505 regibus
802 1436 875 1498 arisi,
893 1450 935 1490 su·

138 1510 320 1581 perstitiouem
332 1507 533 1578 louebant‚quia
544 1507 628 1563 honor
637 1507 774 1563 sacerdotii
786 1508 935 1565 firmamen-

139 1592 196 1639 tum
208 1584 338 1655 polenliae
347 1582 546 1636 adsumebatur.

193 1662 218 1712 9.
240 1659 418 1712 Romanorum
434 1658 538 1728 primus
553 1656 603 1710 Cn.
618 1656 759 1727 Pompeius
772 1658 935 1715 ludaeosdo·
970 1676 973 1719 :

138 1733 221 1786 mult:
242 1733 427 1803 templumque
437 1733 495 1786 iure
506 1733 628 1786 victoriae
638 1732 777 1804 inbuessus
786 1741 837 1788 est.
877 1732 934 1789 lude

137 1806 288 1878 vulgatum,
309 1805 382 1859 nulla
399 1807 471 1859 intus
485 1806 565 1860 dellm
580 1805 669 1878 siligio
682 1824 793 1862 vacuam
810 1808 935 1865 seriemet
962 1806 966 1811 ’

137 1881 226 1935 inania
239 1897 343 1933 arcano.
383 1881 453 1934 Muri
474 1881 716 1954 Hierosolymorum
735 1883 834 1949 diruti,
863 1884 935 1939 delu-

138 1956 216 2011 brum
230 1956 335 2009 mansit.
375 1956 446 2019 blox,
464 1955 537 2010 civili
555 1957 623 2010 inter
640 1973 688 2011 nos
702 1957 781 2020 bello,
795 1968 933 2031 postquam

137 2031 305 2085 inditionem
323 2030 359 2083 ll.
372 2031 478 2084 Antonii
494 2030 796 2100 provinoiaecesscrant.
818 2050 864 2088 rex
878 2035 935 2087 Par·

138 2106 243 2160 tborum
266 2106 378 2158 l’ocorus
399 2106 492 2158 ludsea
511 2106 620 2175 potitus,
647 2105 855 2179 interiectusque
872 2126 887 2163 a
906 2108 933 2163 Ρ.
974 2140 975 2143 =

140 2181 269 2243 Ventidio,
290 2189 316 2232 et
331 2180 418 2233 l‘artbi
439 2179 673 2249 trausEupbralen
694 2181 805 2236 redacti:
829 2184 934 2237 ludaeos

137 2255 168 2310 C.
180 2256 273 2308 Sosius
283 2254 398 2326 subegit.
419 2255 551 2326 Regnum.
566 2254 717 2310 oblintonio
728 2256 822 2312 lierodi
834 2258 933 2321 datum,

138 2331 221 2384 vietor
242 2327 381 2401 Arrgrrstus
398 2330 481 2382 auxit.
521 2329 583 2381 Post
602 2340 713 2384 mortem
728 2332 849 2395 Herodis,
872 2328 934 2387 nibil

137 2412 286 2473 exspectato
300 2402 420 2465 Caesare,
433 2402 506 2457 Simo
515 2402 625 2473 quidam
638 2407 740 2476 regium
753 2423 852 2462 nomeu
864 2409 934 2462 iura·

137 2486 215 2532 serat.
239 2479 262 2531 ls
272 2495 286 2530 e
297 2476 441 2543 Quinctilio
451 2478 528 2539 Varo,
539 2477 674 2533 obtinente
684 2478 800 2552 Syriam,
810 2484 932 2552 punitus:

129 2562 158 2607 et
171 2562 283 2625 gentem
304 2554 445 2610 coercitam
465 2552 542 2607 liberi
556 2553 665 2607 llerodis
685 2555 816 2623 tripartito
836 2572 933 2613 rexere.

115 2625 178 2681 Sub
203 2629 316 2688 Tiberio
334 2633 428 2707 quies.
469 2631 539 2686 bein
551 2630 625 2684 iussi
639 2627 943 2701 ahbaeeoreelbpem

105 2702 171 2757 eius
188 2705 349 2785 intemplo
367 2711 474 2779 locere,
496 2724 577 2765 arma
591 2706 687 2779 potius
704 2715 867 2768 sumpsere.
882 2712 965 2769 ones.
