1950 3016
106 185 153 237 raa
341 186 665 233 uranonranurr
762 174 895 251 (nura
941 160 945 169 ’

102 307 222 364 gressus,
233 306 288 360 quo
297 287 420 343 licentius
428 288 627 360 popularentur.
663 286 897 358 Exploratoree‚nt

103 382 161 419 mos
170 372 219 428 est,
232 364 338 436 longius
346 365 483 418 curabant.

158 442 200 493 16.
221 436 319 504 Quinta
333 439 416 494 ferme
431 439 493 492 hora
507 438 560 492 diei
574 443 638 502 erat,
658 454 722 491 cum
733 438 805 491 citus
818 452 897 508 eques

103 514 244 568 adventare
258 515 357 578 bostes,
371 513 508 584 praegredi
518 529 626 582 paucos,
636 520 740 566 motum
750 510 898 567 tremitum·

103 607 157 661 que
172 589 221 644 iata
234 589 321 643 audiri
337 589 478 642 nuntiavit.
518 587 587 641 Dum
606 588 747 651 Antonius,
769 587 897 658 quidnam

103 664 247 737 agendum,
264 662 404 725 consultat,
420 660 544 715 aviditate
557 661 692 715 navandae
701 678 797 731 operae
806 663 898 716 Arrius

104 739 190 794 Varus
203 755 265 791 cum
281 736 488 807 promptissimis
502 737 623 806 equitum
637 737 768 808 prorupit,
789 736 899 807 inpulit-

103 831 158 886 qus
168 811 331 874 Vitellianos,
348 809 450 863 modica
466 811 558 864 caede:
580 828 642 864 nam
654 810 774 881 plurium
785 810 898 865 adcursu

104 905 179 944 versa
196 886 308 940 fortuna.
323 893 348 938 et
360 885 506 939 acerrimus
515 886 632 957 quisque
641 886 813 957 sequentium
824 885 899 959 fugae

105 961 217 1017 ultimus
226 968 290 1013 erat.
311 959 366 1014 Neo
374 968 467 1030 sponte
477 958 585 1014 Antonii
595 968 779 1031 properatum
801 968 827 1015 et
836 959 898 1025 fore,

103 1053 173 1108 quae
192 1033 349 1099 acciderant,
370 1035 485 1089 rebatur.
525 1036 647 1089 Hortatus
665 1052 739 1099 suos,
755 1043 787 1089 ut
804 1052 900 1108 magno

103 1113 193 1165 animo
206 1117 373 1179 capesserent
386 1127 515 1182 pugnam,
530 1109 646 1164 diductis
659 1110 688 1164 in
704 1109 783 1163 latera
793 1111 898 1175 turmis,

103 1201 219 1240 vacuum
240 1184 327 1239 medio
347 1185 474 1257 relinquit
487 1186 545 1248 iter,
561 1202 615 1255 quo
629 1184 730 1238 Varum
744 1185 900 1256 equitesque

103 1260 163 1315 eius
183 1259 323 1330 reciperet:
354 1260 445 1314 iussae
464 1261 561 1314 armari
583 1258 713 1332 legiones:
744 1258 837 1313 datum
855 1276 901 1330 por

103 1352 180 1408 agros
191 1335 310 1407 signum,
323 1343 362 1399 ut,
373 1353 426 1406 qua
437 1335 536 1405 cuique
545 1335 708 1406 proximum,
716 1334 817 1388 omissa
827 1350 901 1405 prae-

103 1411 146 1472 da,
159 1409 258 1480 proelio
269 1418 444 1464 occurrerent.
470 1408 585 1463 Pavidus
596 1409 702 1462 interim
712 1408 800 1462 Varus
811 1408 901 1463 turbae

104 1502 214 1540 suorum
230 1486 365 1549 miscetur,
380 1483 523 1554 intulitque
537 1483 715 1537 formidinem.
755 1483 831 1537 Pulsi
840 1499 901 1537 cum

104 1561 202 1614 sauciis
223 1560 328 1630 integri,
349 1559 505 1628 suometipsi
526 1566 598 1611 metu
612 1566 637 1611 et
651 1557 783 1630 angustiis
796 1559 901 1612 viarum

103 1633 329 1689 conflictabantur.

160 1709 200 1759 ti.
219 1705 331 1759 Nullum
342 1704 425 1759 inilia
437 1705 608 1775 trepidatione
616 1703 747 1760 Antonius
757 1706 901 1760 constantis

103 1781 180 1836 ducis
190 1790 235 1834 aut
246 1779 383 1833 fortissimi
394 1779 487 1834 militis
496 1779 615 1834 officium
625 1781 724 1835 omisit.
756 1779 902 1835 Occursare
923 1826 928 1833 .

104 1855 277 1927 paventibus:
303 1856 415 1908 retinere
434 1854 568 1909 cedentes:
595 1855 642 1909 ubi
661 1855 796 1926 plurimus
818 1855 914 1919 tabor,-

104 1927 360 1999 undealiquaspes,
382 1928 501 1992 oonsilio,
516 1946 608 1994 manu,
622 1947 685 1984 voce
694 1931 811 2003 insignis
820 1930 900 1996 hosti,
938 1972 945 1981 .

103 2004 264 2073 conspicuus
274 2004 346 2057 suis:
368 2019 398 2057 eo
408 2013 539 2073 postremo
549 2004 650 2058 ardoris
660 2013 800 2074 provectus
810 2013 860 2070 est,
873 2012 901 2058 ut

103 2079 273 2135 vexillarium
286 2077 428 2150 fugientem
440 2079 515 2132 hasta
527 2080 764 2134 transverberaret:
786 2097 850 2135 mox
858 2096 901 2133 ra·

103 2163 179 2226 ptum
200 2153 329 2208 vexilium
350 2154 377 2206 in
397 2154 499 2208 hostem
514 2155 601 2208 vertit.
641 2153 700 2218 Quo
713 2153 815 2225 pudore
829 2153 901 2209 baud

102 2229 204 2300 plures,
221 2245 302 2299 quam
318 2237 424 2282 centum
437 2230 549 2300 equites,
565 2229 692 2282 restitere.
733 2229 803 2283 Iuvit
816 2228 898 2293 locus,

104 2306 212 2357 arctiore
226 2303 282 2356 illio
297 2304 349 2366 via,
371 2311 396 2356 et
411 2302 490 2356 iracto
504 2301 678 2357 interfluentis
691 2305 743 2357 rivi
753 2312 841 2373 ponte,
852 2303 901 2375 qui

103 2382 203 2432 incerto
216 2376 291 2432 alveo
305 2385 330 2430 et
344 2377 532 2447 praecipitibus
547 2378 613 2447 ripis
631 2376 722 2449 fugam
737 2377 898 2447 inpediebat.

103 2452 141 2506 Ea
162 2454 304 2506 necessitas
323 2468 371 2505 seu
392 2450 495 2505 fortuna
506 2451 593 2521 lapsas
603 2452 656 2505 iam
672 2461 759 2521 partes
774 2453 898 2506 restituit.

104 2527 214 2580 Firmati
225 2529 340 2590 interae,
352 2525 442 2579 densis
450 2524 590 2582 ordinibus
600 2528 737 2596 excipiunt
746 2526 899 2581 Vitellianos

80 2606 191 2678 ‘temera
204 2602 314 2657 effusos.
357 2603 449 2676 Atque
466 2600 508 2657 illi
521 2611 738 2658 oonsteruantur.
778 2600 907 2652 tentorium

70 2678 341 2747 rostoraperouisis,
354 2689 480 2738 sternere
490 2679 604 2738 obvios.
624 2670 925 2733 sinuessanus·
