1950 3016
122 185 171 242 t'tt
358 190 683 242 cismontanos
781 183 916 260 (som

121 294 322 350 adcusationum
342 294 510 352 videbantur.
550 295 602 350 Sed
619 294 683 350 allis
700 302 726 349 st
744 310 844 350 nocens
858 310 921 349 reos

119 369 222 442 protegi
242 386 294 423 non
314 378 427 441 poterat:
447 372 549 442 quippe
562 370 654 426 Sorani
668 377 758 424 sancta
775 370 920 425 memoria:

121 443 197 499 Celer
206 443 343 515 professus
352 446 520 516 sapientiam,
534 445 595 500 dein
605 447 679 501 testis
688 445 717 500 in
727 442 849 508 Baream,
859 460 921 515 pro·

120 518 190 573 ditor
198 528 387 592 corruptorque
396 521 475 574 amici
484 529 510 574 et
517 521 597 574 culus
606 536 636 575 se
644 521 803 593 magistrum
814 518 920 573 lerelrst.

120 595 263 649 Proximus
272 595 330 648 dies
339 610 449 649 caumas
457 595 612 650 destinetur.
651 596 706 650 Nec
716 604 770 649 tam
779 595 921 669 Musonius

122 678 168 723 aut
179 669 300 734 Publius,
311 684 394 741 quam
405 671 512 724 Priscus
521 679 546 724 et
556 669 696 724 Marcellus
704 672 849 743 ceterique,
865 685 922 724 mo·

120 745 156 799 tis
166 743 199 798 ad
208 744 336 799 ultionem
346 746 454 808 animis,
466 745 694 816 exspectabantur.

179 823 219 872 tt.
241 818 296 872 Tali
315 834 406 873 mmm
424 826 503 883 statu,
524 836 586 873 cum
600 819 733 874 discordia
742 820 921 889 interpatres,

122 894 162 948 ira
177 892 249 963 apud
263 895 356 957 victa,
372 893 445 947 nulla
459 895 488 947 in
498 894 645 949 victoribus
657 895 808 958 auctoritss,
818 910 874 948 non
885 892 923 947 lc-

122 984 180 1041 ges‚
197 984 249 1022 non
260 969 384 1037 princeps
394 969 421 1021 in
433 969 538 1022 civitate
546 977 643 1033 essent,
660 969 812 1033 Mucianus,
825 968 922 1023 urbem

121 1043 272 1113 ingressus,
282 1050 377 1094 cuncte
387 1042 467 1097 simul
478 1044 507 1096 ln
517 1060 547 1097 se
556 1045 644 1098 traxit.
670 1044 761 1097 Fracta
772 1044 855 1096 Primi
867 1042 923 1096 An·

123 1116 393 1186 toniiVariqucArrii
413 1118 537 1187 potentia,
557 1119 627 1173 male
645 1117 812 1172 dissimulata
831 1118 861 1171 in
877 1134 922 1172 cos

123 1190 239 1245 Muciani
252 1189 399 1255 iracundia,
413 1193 540 1262 quamvis
552 1193 628 1247 vultu
643 1201 783 1266 tegeretur.
822 1190 924 1246 Serici-

122 1267 201 1331 vitas,
214 1265 344 1319 rimandis
352 1264 459 1321 offensis
468 1282 560 1339 sagax,
576 1275 688 1321 certem
702 1266 923 1321 setranstulcmt·

122 1358 187 1413 que.
225 1339 470 1405 lllcunusambirl,
484 1341 544 1395 ccli.
584 1342 818 1411 Necdceretipser
839 1343 923 1412 stipa·

122 1423 168 1471 tus
176 1414 295 1478 armatis,
305 1414 399 1471 dcmcs
408 1414 550 1486 hortosque
559 1424 723 1486 permutans,
733 1416 923 1486 adparatum-

124 1507 211 1556 ccssu,
223 1490 353 1553 excubiis,
370 1490 425 1546 uim
436 1490 566 1560 principis
576 1488 709 1561 amplecti,
723 1507 821 1545 nomen
831 1492 924 1546 remit·

123 1572 186 1620 tero.
216 1564 365 1618 Plurimum
377 1565 483 1618 terroris
494 1563 583 1618 intulit
592 1564 684 1618 caedes
694 1563 832 1636 Calpurnii
844 1565 923 1621 Gele-

122 1640 202 1695 rlani.
224 1639 250 1691 ls
259 1636 310 1691 luit
320 1637 392 1692 filius
401 1638 432 1692 C.
445 1639 557 1702 Pisonis,
570 1638 746 1707 nihilausus:
767 1639 814 1693 scd
825 1656 922 1694 nomen

123 1715 231 1786 insigne
239 1720 265 1765 et
275 1711 366 1767 moure
377 1712 429 1782 ipsi
440 1713 547 1767 iuvante
558 1712 744 1786 rumorevulgl
752 1712 923 1769 celebraban-

123 1795 182 1842 tur:
198 1794 325 1856 erentque
334 1786 362 1840 in
373 1787 478 1841 ovinae
486 1787 575 1843 adhuc
583 1788 688 1842 turbida
698 1796 725 1842 et
734 1789 812 1843 novis
820 1805 922 1845 sermo·

124 1861 206 1916 nibus
220 1859 295 1925 laets,
309 1862 358 1931 qui
371 1862 536 1931 principatus
546 1863 652 1916 inanem
662 1864 686 1917 ei
698 1862 795 1917 lamam
805 1864 922 1919 circum·

123 1935 224 1991 demut.
265 1935 342 1989 iussu
362 1935 477 1991 Muciani
490 1937 607 1991 custodia
627 1936 735 1992 militari
751 1938 868 2004 cinctus,
889 1955 923 1994 ns

123 2011 152 2066 lu
163 2012 221 2082 ipsa
231 2010 298 2065 urbe
307 2012 470 2082 conspectior
478 2028 551 2067 mors
560 2010 634 2077 lorct,
645 2012 920 2085 mqiradrsgesimum

123 2087 158 2141 ab
172 2085 238 2139 urbe
252 2084 377 2156 lapidem,
388 2087 432 2139 rio
442 2086 538 2157 Appia,
558 2085 617 2141 lusu
631 2104 679 2158 per
692 2104 773 2141 venas
791 2091 921 2161 sangeiina

123 2162 312 2233 exstinguitur.
352 2159 437 2214 lulius
447 2162 563 2224 Priscus,
574 2163 764 2232 praetoriarum
773 2165 827 2220 sub
836 2161 922 2221 Vitel-

123 2235 159 2290 lio
169 2234 316 2290 cohortium
326 2234 482 2304 praelectus,
493 2253 522 2289 se
532 2237 591 2306 ipse
600 2236 738 2300 interiecit,
754 2238 859 2307 pudore
869 2253 926 2292 ωι-

123 2313 175 2384 gis.
187 2325 268 2381 quem
280 2313 442 2365 necessitate.
474 2310 614 2382 Alphcnus
624 2311 711 2365 Varus
720 2313 845 2384 ignaviae
854 2312 922 2368 inle-

123 2388 247 2456 miaeque
264 2401 329 2438 suae
347 2383 489 2456 superfuit.
528 2384 661 2439 aarum·
674 2387 747 2441 enim
757 2387 792 2459 (is
801 2384 921 2461 libertus)

124 2461 220 2514 melam
232 2460 374 2531 potentiam
387 2458 479 2514 servili
489 2458 621 2537 supplicio
630 2461 758 2529 expiavit.

178 2536 219 2588 02.
240 2533 338 2589 lisdem
353 2534 449 2589 diebus
464 2532 670 2589 crebrescentem
685 2534 770 2590 cludis
780 2536 921 2593 Germani-

106 2607 470 2687 cactamam,ucquaquam
477 2616 582 2666 mauu
589 2610 923 2678 messanensem*

91 2689 313 2758 mexercitus,
328 2700 412 2765 capta
427 2678 935 2766 legionuminiustiuslttsst'tfllfflblm
