1950 3016
112 204 161 257 tte
349 206 670 256 utsronrsnuu
771 195 901 270 (numu.

110 307 249 373 disseruit,
265 311 442 379 praetorianos
458 327 544 382 nuper
556 314 735 364 exauctoratos
750 307 901 371 insectatum,

109 401 127 437 o
140 386 233 452 quibua
246 388 327 454 [olem
340 403 457 440 rumores
469 389 591 454 diaperqi,
605 401 651 438 nec
660 386 742 437 ullum
752 386 839 437 mollis
848 384 904 436 belli

109 466 210 521 metum,
226 458 404 524 adseverabat,
420 477 564 530 suppresso
577 458 733 529 Vespasiani
748 459 866 522 nomine,
878 462 903 511 et

110 534 185 605 vagis
199 549 246 605 per
260 535 354 590 urbem
369 534 510 596 militibus,
523 533 571 605 qui
586 549 720 587 sermones
730 531 824 604 populi
833 548 903 587 coer*

110 616 207 663 serent.
246 609 276 664 ld
284 609 457 681 praecipuum
467 608 622 662 alimentum
636 607 721 661 lamae
730 616 794 661 erat.

165 727 207 779 97.
228 724 335 780 Auxilia
349 734 435 779 tamen
447 742 462 779 e
474 725 615 780 Germania
626 725 814 796 Britanniaque
824 732 850 779 et
858 724 902 779 lli-

110 800 212 871 spaniis
222 801 328 863 excivit,
343 801 467 872 segniter,
483 807 508 853 et
523 802 703 854 necessitatem
718 798 900 854 dissimulans.

110 873 221 928 Perinde
231 873 308 946 legati
318 874 523 946 provinciaeque
535 875 739 929 cunctabantur:
760 873 903 929 llordeoni·

110 967 143 1003 us
152 947 272 1010 Flaccus,
288 949 419 1018 suspectis
429 950 482 1002 iam
493 950 607 1012 batavis,
619 951 717 1004 anxius
731 949 839 1019 proprio
848 946 902 1003 bel·

106 1022 149 1089 ,lo;
169 1022 277 1077 Vectius
290 1021 414 1088 Bolanus,
430 1042 569 1097 nunquam
579 1026 644 1078 satis
654 1024 743 1096 quieta
752 1023 900 1079 Britanniae

109 1104 135 1151 et
148 1105 259 1168 uterque
274 1097 403 1170 ambigui.
443 1099 535 1170 Neque
549 1117 582 1154 ex
594 1100 730 1169 Hispaniis
746 1098 902 1170 properaba-

110 1180 161 1239 tur,
174 1169 251 1226 nullo'
262 1180 318 1226 tum
328 1173 366 1227 ibi
377 1173 518 1228 consulari.
558 1175 652 1228 'l’rium
665 1173 800 1246 legionum
814 1172 899 1247 legati,

109 1263 185 1317 pares
200 1244 258 1302 inre
272 1255 306 1313 et,
322 1251 456 1320 prosperis
466 1247 565 1303 Vitellii
579 1248 669 1313 rebus,
681 1248 803 1302 certaturi
814 1247 902 1304 adob-

109 1323 244 1394 sequium,
259 1323 396 1378 adversam
414 1324 472 1378 eius
487 1321 618 1378 fortunam
633 1340 666 1377 ex
681 1339 765 1394 aequo
778 1322 902 1377 detrecta-

108 1397 181 1452 bant.
220 1398 250 1452 ln
265 1396 352 1452 Africa
367 1397 435 1471 legio
452 1399 633 1470 cohortesque,
649 1396 763 1451 delectae
781 1415 796 1451 a
812 1396 902 1453 Clodio

108 1473 205 1538 Macro,
216 1491 303 1528 moxa
314 1472 397 1528 Galba
407 1474 543 1538 dimissae,
555 1489 649 1527 rursus
659 1473 735 1527 iussu
743 1471 843 1526 Vitellii
853 1472 902 1527 mi-

110 1547 193 1602 litiam
211 1565 312 1619 cepere.
351 1547 437 1602 Simul
457 1558 540 1603 cetera
559 1549 684 1602 iuventus
703 1547 781 1600 dabat
799 1547 907 1621 inpigra

109 1623 226 1676 nomina.
266 1621 370 1693 Quippe
389 1625 522 1694 integrum
543 1621 599 1676 illic
612 1639 643 1676 ac
658 1620 829 1677 favorabilem
843 1638 903 1694 pro·

108 1695 275 1751 consulatum
289 1696 420 1760 Vitellius,
436 1696 566 1752 famosum
580 1697 755 1767 invisumque
764 1696 902 1768 Vespasia-

109 1788 162 1824 nus
171 1779 271 1842 egerat:
292 1770 401 1841 proinde
414 1772 478 1825 socii
493 1771 526 1824 de
540 1772 652 1842 imperio
665 1772 807 1844 utriusque
815 1772 902 1828 oonie-

108 1843 225 1913 stabant3
247 1844 293 1899 sed
303 1846 514 1915 experimentum
525 1854 613 1900 contra
624 1844 683 1900 luit.

163 1956 205 2009 et.
226 1952 265 2008 Ao
278 1953 365 2025 primo
378 1952 499 2008 Valerius
513 1955 609 2008 Festus
623 1953 724 2026 legatus
740 1953 829 2008 studia
843 1970 903 2026 pros

110 2014 264 2083 vincfflium
273 2045 336 2083 cum
346 2028 488 2084 fideiuvit:
507 2046 570 2083 mox
579 2030 696 2093 nutabat,
707 2027 796 2100 palam
806 2030 904 2100 episto·

108 2102 142 2158 lis
152 2103 298 2176 edictisque
311 2103 458 2168 Vitellium,
473 2102 583 2158 occultis
598 2105 700 2159 nuntiis
709 2104 902 2175 Vespasianum

110 2178 210 2244 lovens,
227 2188 252 2233 et
266 2178 331 2233 baec
345 2178 424 2232 illave
437 2178 605 2244 delensurus,
624 2186 702 2250 prout
715 2177 900 2234 invaluissent.

108 2253 270 2325 Deprehensi
279 2270 341 2308 cum
353 2253 597 2325 litterisedictisque
602 2254 757 2324 Vespasiani
766 2254 903 2324 perllbae-

109 2330 171 2383 tiam
182 2327 312 2384 etGallins
322 2328 438 2383 militum
449 2337 475 2383 et
484 2331 669 2383 centurionum
680 2328 801 2399 quidam,
813 2329 848 2383 ad
857 2327 904 2386 Vi-

109 2403 212 2458 tellium
222 2404 299 2458 missi
309 2402 547 2475 necantur:plnres
559 2401 681 2468 leiellere,
689 2403 901 2468 bdeamioorum,

109 2487 154 2533 aut
168 2486 272 2534 suomet
284 2487 342 2533 astu
356 2477 487 2534 occultati.
527 2478 564 2531 lta
578 2477 677 2533 Vitellii
692 2486 800 2549 paratus
811 2495 904 2536 noeoe-

101 2553 210 2620 bantur,
229 2553 385 2626 Vespasiani
398 2551 571 2610 consiliorum
584 2552 711 2624 pleraque
723 2555 828 2625 ignota:
849 2553 905 2626 pri-

85 2642 169 2681 mum
180 2630 432 2703 socordiaVitellii;
453 2628 731 2688 deindelannomcae
741 2626 914 2692 mesenus·

68 2699 160 2755 sidir's
172 2705 313 2776 insessae,
328 2711 450 2770 nuntios
459 2707 630 2768 retinebuut.
664 2701 747 2757 blm
753 2695 914 2765 QVQ
