1950 3016
125 208 158 258 86
364 209 696 257 ursuonrnuuu
788 197 922 272 (nnete

125 318 234 374 tentem.
249 327 345 381 repens
359 313 492 368 tumultus
505 313 609 375 avertit,
623 311 742 365 nuntiate
752 308 926 363 oonsternuti-

125 384 468 443 oneaelioentinmilitum.
507 389 631 459 Namque
640 384 802 440 abeuntibus
811 382 925 437 exitium

124 461 330 527 minitabantur.
350 464 514 518 atrocissima
536 464 565 517 in
584 462 742 535 Verginium
760 461 804 523 vi,
829 474 923 530 quem

124 535 214 590 clausa
224 536 313 603 domo,
326 538 492 593 obsidebant.
531 537 670 607 increpitis
683 534 822 589 seditionis
834 540 926 588 sueto-

124 611 211 676 ribus‚
226 629 374 685 regressus,
395 615 500 666 vaeavit
512 612 668 666 obeuntium
679 609 822 681 adloquiis,
840 607 926 663 doneo

124 703 217 740 omnes
227 685 347 742 inviolati
356 687 566 758 digrederentur.
606 686 813 756 Vesperesoente
821 682 876 748 die,
887 682 926 737 ai·

124 761 173 815 tim
184 761 281 816 heustu
290 761 393 834 gelidae
401 778 487 832 equae
496 761 608 815 sedavit.
645 762 715 815 Tum
725 758 819 813 adlatis
828 758 926 831 pugio·

125 836 206 890 nibus
215 835 331 899 duobus,
343 853 405 889 eum
415 845 561 908 utrumque
569 833 872 906 pertentesset‚elterum
881 849 927 887 oe-

124 910 173 981 piti
198 909 326 964 subdidit.
366 911 400 963 Et
417 911 565 982 explorato,
584 912 638 964 iem
660 909 791 982 proiectos
812 909 924 975 eminet,

126 992 228 1039 noctem
236 986 455 1057 quietem,utque
464 986 628 1049 adfirmatur,
635 1003 688 1040 non
699 986 849 1039 insomnem
860 982 925 1057 egit.

124 1059 196 1111 Luce
210 1060 296 1128 prima
310 1060 337 1113 in
348 1059 448 1114 serrum
458 1069 562 1131 pectore
571 1061 703 1114 incubuit.
743 1059 784 1113 to
793 1059 926 1132 gemitum

124 1134 263 1188 morientis
276 1135 391 1207 ingressi
409 1135 496 1190 liberti
509 1137 635 1206 servique
648 1145 675 1189 et
688 1134 790 1189 Plotius
803 1134 924 1199 Firmus,

124 1208 248 1279 praetorii
266 1208 423 1280 preelectus,
440 1229 526 1265 unum
541 1210 642 1264 vulnus
655 1213 790 1265 invenere.
831 1208 926 1262 Funus

125 1290 297 1339 maturatum.
337 1284 493 1341 Ambitiosis
507 1286 535 1340 id
550 1285 675 1357 precibus
688 1285 808 1357 petierat,
825 1298 927 1355 neam-

124 1366 262 1430 puteretur
284 1368 377 1431 ceput,
403 1360 519 1416 ludibrio
542 1360 674 1414 futurum.
714 1358 810 1413 Tulere
828 1374 926 1428 corpus

125 1435 269 1505 praetoriae
284 1436 415 1501 cohortes,
431 1454 493 1490 cum
509 1435 635 1490 laudibus
648 1445 675 1489 et
684 1433 812 1497 leorimis,
824 1432 926 1487 vuinus

125 1525 276 1582 manusque
289 1511 347 1565 eius
361 1511 554 1565 exosculantes.
594 1510 709 1576 Quidam
722 1508 840 1563 militum
850 1508 925 1563 iuxta

124 1600 219 1657 rogum
236 1583 388 1640 interleoere
399 1603 438 1648 se,
460 1603 512 1640 non
523 1602 591 1639 noxe
601 1601 689 1656 neque
700 1584 736 1638 ob
745 1591 858 1648 metum,
879 1580 924 1639 sel

125 1659 301 1713 aemulatione
320 1659 422 1713 deouris
441 1667 467 1712 et
484 1661 590 1713 earitete
605 1660 743 1730 principis.
783 1658 823 1712 do
835 1666 925 1729 poetes

124 1734 277 1803 promiscue
285 1733 414 1798 Bedriaci,
426 1733 572 1788 Plaoeutiee
582 1733 697 1806 aliisque
707 1735 734 1787 in
744 1734 849 1797 castris,
858 1732 926 1787 eele-

124 1807 231 1861 bratum
242 1807 269 1861 id
278 1825 365 1881 genus
374 1816 477 1862 mortis.
489 1807 585 1864 Othoni
596 1809 751 1880 sepulerum
760 1816 926 1863 exstructum

125 1881 525 1938 estmodieumetmansurum.

179 1959 223 2011 50.
245 1957 323 2011 Ηυιιο
339 1959 409 2012 vitae
423 1957 503 2011 linem
523 1957 618 2014 habuit
631 1958 745 2029 septimo
758 1965 784 2012 et
793 1957 927 2012 trieesimu

125 2032 217 2086 aetetis
226 2048 305 2086 auno.
338 2031 420 2106 Origo
433 2031 472 2086 illi
483 2034 654 2104 emunicipio
666 2033 815 2087 Ferentino.
850 2032 927 2087 Pater

125 2105 288 2163 consuleris:
309 2124 376 2161 evus
390 2108 552 2179 praetorius:
574 2116 725 2162 maternum
737 2124 824 2180 genus
836 2107 925 2178 inper,

126 2199 175 2237 neo
194 2190 281 2236 temen
300 2182 466 2238 indeoorum.
506 2184 621 2237 Pueritie
636 2200 666 2236 ao
679 2183 802 2246 invente,
817 2181 927 2253 qualem

125 2259 344 2312 monstravimus.
384 2258 494 2312 Duobus
504 2257 675 2322 iecinoribus,
687 2256 768 2312 altero
776 2255 929 2330 flagitiosis-

126 2334 206 2393 simo.
221 2330 303 2386 eltero
315 2334 430 2406 egregio,
447 2334 601 2388 tantundem
617 2332 689 2403 apud
700 2340 819 2403 posteros
828 2332 929 2387 munit

125 2407 210 2462 bonne
221 2405 315 2471 fumes,
327 2416 458 2479 quantum
468 2408 564 2462 melae.
586 2407 619 2462 Ut
627 2410 785 2479 uunquirere
795 2407 926 2473 fabulose,

126 2490 151 2536 et
170 2483 239 2537 fictis
257 2481 388 2537 oblectare
402 2482 547 2555 legentium
560 2483 674 2546 animos,
693 2480 785 2553 procul
799 2484 928 2556 gravitate

202 2558 208 2570 ’
290 2559 313 2611 's
327 2557 501 2612 crediderim:
521 2558 556 2610 ite
574 2555 689 2629 vulgetis
708 2557 867 2628 traditisque
880 2557 929 2612 de-

54 2565 352 2706 mum
362 2634 465 2689 ausim.
507 2631 567 2698 Die,
579 2631 767 2706 quelledrieoi
774 2633 935 2692 remensum„

234 2706 341 2765 visitata
353 2711 453 2784 speeie
468 2710 549 2787 apud
561 2709 689 2786 Regium
697 2704 843 2775 tenedum
852 2698 955 2754 mann
