1950 3016
75 185 126 239 262
231 187 273 235 ·c.
293 185 517 235 CORNELIUS
536 185 708 233 Tscl'rue
732 204 736 209 ·

75 297 102 345 et
110 290 213 360 privata
222 289 357 361 cuiusque
365 286 877 359 audentia,spudCattosinoonsensum

76 365 163 429 vertit,
175 372 204 419 ut
213 364 332 435 primurn
343 363 513 429 adoleverint,
525 364 627 419 crinem
637 363 805 434 barbamque
814 361 878 417 sub-

76 441 188 505 mittere,
205 458 263 505 nec,
277 440 330 495 nisi
344 440 419 494 hoste
432 457 518 505 caeso,
534 455 632 493 exuere
645 439 768 493 votivum
777 437 877 511 obliga·

75 523 188 587 tumque
212 515 303 571 virtuti
320 513 376 570 oris
395 514 527 569 habitum.
567 513 654 585 Super
672 514 836 587 sanguinem
854 521 879 568 et

76 590 160 662 spolia
173 591 291 645 revelant
304 589 426 655 frontem,
443 607 526 662 seque
541 597 598 645 tum
612 589 725 644 demum
738 590 823 660 pretia
833 607 878 643 na·

75 666 167 723 scendi
178 666 311 730 retulisse,
316 665 466 738 dignosque
476 666 560 736 patria
571 662 601 719 ac
609 665 768 736 parentibus
778 663 876 719 lerunt.

75 743 183 816 lgnavis
193 750 219 796 et
229 740 374 805 inbellibus
384 749 473 796 manet
481 740 599 812 squalor.
620 741 878 812 Fortissimusquis-

75 834 129 890 que
140 817 255 871 ferreum
264 817 375 887 insuper
385 815 516 873 annulum
526 815 749 888 (ignominiosum
758 816 788 870 id
797 814 879 888 genti)

78 892 149 949 velut
160 891 299 946 vinculum
308 899 403 964 gestat,
423 892 507 946 donoc
520 909 549 945 se
562 891 641 946 caede
650 890 736 945 hostis
746 891 876 947 absolvat.

75 964 624 1036 PlurimisCattorumlricplaeethahitus.
662 967 775 1037 lamque
784 973 879 1021 canent

76 1043 207 1114 insignes,
218 1049 243 1094 et
253 1041 375 1095 hostibus
385 1041 468 1096 simul
479 1042 591 1113 suisque
602 1042 750 1096 monstrati.
784 1039 879 1096 Omni-

76 1135 123 1172 um
138 1133 220 1186 peues
234 1116 283 1170 hos
297 1117 372 1171 initia
387 1134 549 1190 pugnarum.
589 1117 658 1171 llaec
674 1116 762 1187 prima
772 1135 878 1188 semper

75 1193 155 1255 acies,
168 1191 228 1246 visu
240 1200 322 1246 torva.
359 1193 427 1246 Nam
439 1209 472 1247 ne
484 1193 511 1246 in
522 1209 586 1262 pace
595 1190 707 1263 quidem
719 1191 797 1247 vultu
806 1193 878 1247 miti·

74 1285 120 1323 ore
134 1274 333 1322 mansuescunt.
374 1267 447 1321 Nulli
463 1267 568 1332 domus,
586 1275 632 1321 aut
645 1284 718 1339 ager,
730 1275 777 1323 aut
789 1267 878 1339 alique

75 1360 153 1399 cura:
175 1352 253 1414 prout
264 1343 298 1397 erl
307 1358 443 1414 quemque
454 1360 559 1407 venero,
569 1341 691 1396 aluntur:
713 1343 820 1415 prodigi
830 1342 878 1396 ali-

76 1419 130 1483 eni,
145 1428 337 1488 contemptores
351 1420 409 1474 sui:
423 1418 515 1473 donec
528 1418 674 1490 exsanguis
688 1427 815 1473 senectus
824 1428 877 1472 tam

75 1493 259 1551 duraeuirtuti
270 1495 376 1564 inpares
387 1493 472 1548 faciat.

130 1572 171 1624 32.
194 1571 312 1624 Proximi
322 1567 404 1623 Cattis
413 1578 515 1622 certum
526 1568 579 1622 iam
589 1567 664 1622 alveo
671 1566 879 1638 Rhenumqui-

74 1661 129 1716 que
143 1645 274 1699 terminus
288 1661 347 1697 esse
361 1642 486 1707 sulliciat,
507 1643 593 1712 Usipii
604 1660 635 1696 ac
645 1643 765 1697 Tencteri
776 1642 876 1697 colunt.

75 1720 294 1789 Tencteri,super
303 1718 411 1773 solitum
421 1717 879 1788 bellorumdecus,equestrisdisci·

75 1792 164 1865 plinae
174 1803 228 1847 arte
238 1793 414 1864 praecellunt,
429 1811 477 1847 nec
487 1794 571 1848 maior
581 1791 745 1864 apudCattos
755 1792 878 1863 peditum

77 1868 144 1927 laus,
156 1884 238 1939 quam
249 1869 384 1923 Tencteris
394 1868 526 1939 equitum.
548 1866 593 1923 Sic
602 1869 742 1922 instituere
752 1868 876 1933 maiores,

75 1943 171 2015 posteri
183 1944 331 1998 imitantur.
371 1944 403 1997 lli
415 1943 491 1997 lusus
502 1941 655 2008 infantium,
671 1943 737 1997 haec
746 1943 879 1999 iuvenum

76 2018 226 2081 aemulatio,
238 2027 407 2090 perseverant
416 2034 503 2073 senes.
537 2020 608 2073 luter
619 2017 748 2072 familiam
758 2027 785 2072 et
795 2019 879 2074 Pena·

74 2105 114 2150 tes
123 2104 148 2148 et
159 2097 216 2149 iura
225 2096 427 2149 successionum
437 2095 500 2165 equi
511 2094 665 2149 traduntur:
683 2094 783 2165 excipit
793 2094 876 2159 lilius,

74 2188 138 2234 non,
154 2179 182 2224 ut
189 2179 285 2235 cetera,
302 2170 438 2224 maximus
448 2178 522 2234 natu,
537 2169 585 2223 sed
600 2176 680 2240 prout
689 2167 764 2225 ferox
772 2169 878 2225 helloet

76 2246 178 2300 melior.

129 2324 171 2375 33.
203 2321 279 2374 quta
299 2319 439 2372 Tencteros
457 2319 575 2373 Bructeri
599 2318 664 2373 olim
687 2319 875 2376 occurrebant:

75 2413 148 2451 nunc
162 2395 312 2449 Chamavos
331 2403 356 2447 et
370 2394 543 2466 Angrivarios
563 2395 723 2467 inmigrasse
743 2405 876 2461 narratur,

75 2472 162 2543 pulsis
172 2471 304 2525 Bructeris
314 2485 344 2523 ac
352 2471 458 2540 penitus
469 2471 576 2534 excisis,
584 2470 734 2524 vicinarum
745 2488 877 2527 consensu

75 2548 228 2601 nationum:
249 2562 298 2600 seu
311 2545 452 2616 superbiae
460 2544 530 2608 odio,
542 2561 589 2598 seu
602 2544 714 2616 praedae
723 2545 875 2611 dulcedine,

76 2639 123 2675 seu
135 2621 224 2676 lavore
233 2620 349 2692 quodem
358 2637 421 2693 erga
430 2637 479 2674 nos
489 2619 610 2674 deorum.
625 2650 628 2657 ·
649 2621 718 2674 Nam
730 2638 765 2675 ne
774 2631 877 2693 speetu·

75 2695 135 2750 culo
148 2695 261 2767 quidem
273 2694 368 2766 proelii
381 2694 513 2752 invidere.
551 2694 637 2766 Super
648 2692 698 2749 LX
715 2695 813 2761 millia,
824 2713 876 2753 non
