1950 3016
60 169 146 246 aru)
237 180 305 229 nm
324 180 359 229 ιι
381 180 460 229 car.
480 181 600 230 ra-rs.
785 176 818 230 te

51 282 220 337 aritimarum
234 280 353 353 Alpium.
392 281 497 349 Quibus
517 280 647 336 tenendis
663 280 818 355 adgredien-

51 374 127 430 leque
145 357 298 429 provinciae
317 357 480 412 Narbonensi
498 355 625 411 Suedium
644 356 815 424 Clementem,

51 434 171 489 utonium
181 431 332 498 Nouellum,
344 431 487 488 Aemilium
498 432 637 486 Pacensem
648 432 729 487 duces
739 433 819 488 dede·

52 518 71 564 t.
112 507 166 563 Sed
175 508 300 563 Pacensis
310 525 357 579 per
365 507 497 562 licentiam
507 507 623 561 militum
633 508 752 563 vinctus:
762 508 819 563 dn·

51 586 93 639 nio
103 583 216 638 Novello
226 581 300 638 nulla
309 584 462 638 auctoritas:
477 582 592 638 Suedius
602 581 723 638 Clemens
733 584 818 638 ambi-

51 676 88 715 tsc
103 659 219 728 imperio
229 657 343 730 regebat,
357 666 387 713 ut
395 657 522 713 adversus
533 657 686 712 modestiam
699 657 819 730 discipli-

51 751 72 789 ιο
82 740 242 804 conruptus,
253 734 288 787 ita
298 732 456 804 proeliorum
467 732 571 787 avidus.
590 733 648 787 Non
659 732 730 786 ltalia
740 734 819 802 adiri,

51 807 280 878 etomsalesque
289 810 387 878 patriae
396 808 566 863 videbantur:
588 815 723 880 tamquam
734 817 818 863 erten-

51 902 57 937 ι
70 883 148 939 litura
169 891 195 937 et
209 883 288 937 urbes
303 882 419 937 hostium
433 900 518 948 urere,
539 890 651 946 vastare,
662 901 766 955 rapere:
788 900 818 939 eo

51 959 150 1022 roeius,
167 957 239 1029 quod
254 956 321 1012 nihil
336 974 451 1029 usquam
462 958 599 1028 provisum
609 959 750 1015 adversum
761 976 818 1014 me-

52 1052 75 1089 e.
117 1031 194 1087 Pleni
204 1033 271 1106 agri,
283 1041 386 1103 apertae
394 1032 499 1087 domus.
533 1031 705 1089 Occursantes
715 1035 817 1090 domini

51 1116 96 1165 xta
110 1109 240 1181 coniuges
254 1114 279 1161 et
292 1107 388 1162 liberos
403 1108 540 1162 securitate
552 1110 624 1180 pacis
637 1119 663 1164 et
676 1109 737 1164 belli
748 1110 817 1164 malo

51 1183 310 1240 rcumveniebantur.
330 1182 475 1237 Maritimus
488 1191 544 1238 tum
555 1183 634 1255 Alpes
645 1185 747 1239 tenebat
757 1203 818 1256 pro-

51 1269 128 1315 rrator
146 1259 247 1313 Marius
264 1258 393 1313 Maturus.
432 1259 458 1312 ls
476 1260 575 1313 concita
587 1270 665 1332 gente
679 1260 815 1331 (necdeest

52 1332 815 1406 ventus)arcereprovinciaefinibusOthonianosinteudit.

51 1410 174 1482 tdprimo
185 1410 276 1480 inpetu
288 1409 357 1463 caesi
367 1407 523 1479 disiectique
533 1409 696 1472 montani,ut
706 1409 816 1480 quibus,

51 1502 123 1540 mere
133 1483 268 1549 conlectis,
279 1502 331 1540 non
341 1493 435 1549 castra,
449 1501 502 1538 non
511 1482 606 1537 ducem
617 1483 816 1550 noscitantibus,

51 1576 113 1634 eque
128 1560 157 1614 in
167 1560 274 1615 victoria
288 1560 368 1615 decus
383 1567 460 1623 esset,
472 1574 560 1630 neque
567 1559 596 1612 in
606 1557 668 1632 luga
678 1557 816 1632 flagitium.

78 1638 123 1689 ta.
144 1634 270 1688 Inritatus
283 1651 313 1690 eo
322 1634 421 1705 proelio
430 1633 542 1690 Othonis
553 1633 630 1688 miles
639 1636 717 1689 vertit
727 1635 779 1689 ires
789 1638 816 1690 in

51 1709 206 1780 unicipium
216 1707 324 1763 Albium
335 1709 516 1764 lntemelium:
537 1709 638 1780 quippe
647 1710 675 1763 in
685 1710 740 1764 acie
750 1710 816 1766 nihil

51 1785 151 1840 aedae:
171 1784 265 1855 inopes
278 1792 393 1857 agrestes
406 1791 432 1837 et
440 1784 502 1838 vilia
512 1801 598 1840 arma:
621 1801 669 1838 uec
678 1787 735 1857 capi
746 1795 817 1858 pote-

54 1869 92 1924 nt,
108 1859 205 1930 pernix
217 1875 302 1933 genus
316 1867 341 1914 et
352 1860 428 1932 gnari
441 1858 565 1915 locorum.
603 1857 653 1914 Sed
664 1860 817 1917 calamitati-

51 1935 236 1990 reinsontium
246 1933 347 2004 expleta
356 1935 475 1989 avaritia.
512 1934 817 2009 Auxitinvidiamprae·

51 2027 94 2065 aro
107 2007 231 2078 exemplo
244 2006 341 2063 lemina
351 2009 444 2082 Ligus,
458 2027 526 2081 quae
537 2010 590 2065 filio
600 2010 696 2076 abdito,
708 2029 769 2067 cum
780 2013 817 2066 si-

53 2084 81 2141 ul
91 2085 235 2157 pecuniam
244 2083 367 2138 occultari
378 2084 475 2139 milites
485 2085 665 2150 credidissent,
677 2104 761 2158 eoque
771 2103 817 2156 per

53 2163 159 2216 uciatus
173 2161 369 2232 interrogarent,
385 2163 430 2213 ubi
444 2163 527 2229 fitium
544 2160 688 2216 occuleret?
711 2170 817 2216 uterum

51 2235 176 2299 tendens,
194 2237 274 2289 tatere
289 2234 431 2306 respondit.
470 2236 525 2290 Nec
536 2235 599 2291 ullis
609 2235 818 2290 deindeterrori·

51 2329 87 2375 ra,
98 2318 146 2366 aut
156 2317 248 2375 morte,
258 2310 430 2364 constantiam
439 2311 511 2364 vocis
521 2313 640 2384 egregiae
650 2310 770 2364 mutavit.

79 2388 122 2441 tt.
144 2385 277 2439 laminere
289 2385 440 2455 provinciae
454 2385 627 2449 Narbonensi,
641 2385 669 2439 in
683 2383 762 2439 verba
771 2384 818 2439 vi-

51 2456 91 2516 llii
111 2459 227 2524 adactae,
247 2458 358 2513 classem
371 2458 492 2525 Othonis,
512 2460 594 2515 Fabio
602 2459 704 2514 Valenti
723 2460 818 2529 trepidi

51 2535 114 2591 antii
124 2533 251 2605 adtulepe.
289 2533 404 2590 Aderant
413 2532 492 2613 legati
502 2533 681 2603 coloniarum,
691 2534 834 2592 auxilium

51 2617 128 2662 eam·
166 2608 240 2663 Duas
251 2608 424 2686 Tungrorum
435 2614 574 2684 cohortes,
584 2622 706 2691 quatuor
716 2614 855 2688 equitum

51 2680 287 2808 fflffbt'mtm
301 2687 492 2756 Treverorum
504 2694 585 2755 alam
595 2687 874 2833 0ὶωῦλῖκοῦωώ-
