1950 3016
10 39 184 172 lucar.)
253 107 655 159 n1n.1v.car.e2-ea.
810 106 857 160 stt

57 209 168 266 ueniam
178 214 225 263 aut
233 208 371 265 carissima
381 209 541 280 sibimetipsi
551 210 723 267 circumdare.
744 210 859 279 Quidam

58 284 187 357 expedire
205 301 288 348 arma,
311 284 425 355 telisque
444 292 582 356 tamquam
601 286 630 339 in
649 287 732 341 aciem
747 289 859 360 accingi.

58 361 129 415 llaec
144 357 338 413 meditantibus
352 360 459 414 advenit
472 359 655 430 proficiscendi
669 360 747 426 hora,
766 379 861 433 exspe-

59 436 173 490 ctatione
184 434 291 488 tristior.
322 433 428 504 Quippe
437 435 505 489 iutra
516 432 618 488 vallum
627 433 779 489 deformitas
789 437 862 490 haud

58 509 172 583 perinde
182 508 322 564 notabilis:
343 509 442 563 detexit
450 510 628 582 ignominiam
637 526 748 580 campus
759 519 784 564 et
793 511 860 565 dies.

58 584 194 640 lievulsae
206 584 395 653 imperatorum
409 585 550 656 imagines,
566 583 694 639 inhonora
707 585 794 656 signa,
810 584 863 639 tul-

59 660 189 734 gentibus
198 658 262 712 hinc
271 658 476 712 indeGallorum
486 657 608 713 vexillis:
629 658 863 732 silensagmen,et

60 735 135 791 velut
145 733 239 807 longae
249 735 405 805 exsequiae:
426 733 483 787 dux
493 732 622 789 Claudius
632 731 753 799 Sanctus,
768 734 862 789 ellosso

59 808 151 866 oculo:
172 809 249 863 dirus
262 824 316 873 ore,
331 808 439 880 ingenio
455 807 576 863 debilior.
616 808 771 879 anlieatur
786 808 861 882 liegi-

59 885 140 949 tium,
151 891 305 954 postquam,
316 883 427 937 desertis
436 883 622 937 Bonnensibus
631 885 734 948 eastris,
741 883 821 938 altera
832 902 861 938 se

60 958 131 1033 legio
140 959 293 1013 miscuerat.
313 957 356 1023 Et,
370 957 476 1029 mrlgata
486 965 621 1028 captarum
633 957 768 1031 legionum
778 958 859 1023 fama,

60 1034 160 1099 cuncti,
177 1034 226 1104 qui
239 1030 330 1103 paullo
343 1039 402 1086 ante
412 1033 591 1087 Romanorum
602 1050 697 1087 nomen
708 1033 858 1098 horrebant,

60 1116 247 1182 procurrentes
262 1124 296 1160 ex
309 1109 380 1180 agris
397 1110 523 1178 tectisque
536 1116 562 1161 et
571 1107 692 1179 undique
701 1108 778 1163 effusi
788 1109 861 1164 inso-

61 1184 107 1240 lito
120 1181 273 1255 spectaculo
288 1183 403 1236 nimium
418 1181 582 1236 fruebantur.
621 1182 681 1237 Non
694 1182 755 1237 tulit
767 1182 807 1237 ala
817 1185 862 1236 Pi-

61 1260 166 1315 centina
180 1257 311 1330 gaudium
327 1256 480 1311 insultantis
493 1256 583 1329 vulgi:
608 1259 758 1328 spretisque
772 1256 861 1311 Sancti

60 1334 201 1407 pmmissis
212 1342 259 1386 eut
268 1331 561 1404 minis,hlagontiaoum
571 1331 681 1387 abeunt:
700 1349 730 1387 ac
740 1331 861 1387 iorteob-

61 1411 105 1465 vio
114 1407 281 1464 interfectore
290 1406 414 1471 Voculae,
429 1407 558 1480 Longino,
574 1407 698 1463 coniectis
708 1409 735 1462 in
747 1425 809 1462 eum
823 1417 861 1462 te-

60 1483 108 1551 lis,
128 1483 240 1539 initium
260 1480 435 1536 exsolvendae
451 1483 480 1535 in
501 1490 634 1552 posterum
655 1481 749 1553 culpae
766 1482 859 1537 fecere.

61 1560 202 1635 Legiones,
222 1556 290 1611 nihil
306 1566 407 1612 mutuo
421 1558 524 1621 itinere,
546 1565 606 1611 ante
619 1560 722 1612 moenia
735 1558 755 1610 T
757 1575 861 1613 reverc-

60 1652 121 1690 rum
132 1632 285 1689 considunt.

115 1713 159 1764 63.
181 1706 276 1762 Civilis
288 1714 314 1759 et
323 1705 468 1771 Classicus,
482 1705 563 1760 rebus
572 1705 697 1760 secundis
706 1705 814 1773 sublati,
826 1727 860 1763 an

61 1783 193 1840 coloniam
207 1780 432 1855 Agrippinensem
445 1781 621 1852 diripiendam
632 1782 792 1836 exercitibus
802 1786 860 1838 suis

61 1858 253 1930 permitterent,
264 1855 427 1911 dubitavere.
467 1856 580 1913 Saevitia
590 1858 690 1930 ingenii
701 1866 727 1911 ot
735 1859 861 1928 cupidine

60 1931 176 2005 praedae
195 1931 227 1985 ad
245 1931 381 1986 excidium
399 1931 513 1985 civitatis
532 1932 715 1987 trahebantur:
741 1932 861 1986 obstabat

61 2009 129 2063 ratio
138 2005 212 2071 belli,
224 2014 249 2060 et
258 2023 358 2062 novum
370 2007 514 2077 imperium
523 2006 710 2061 inchoantibus
721 2004 795 2060 utilis
808 2005 862 2058 cle-

61 2083 177 2137 mentiae
188 2084 269 2135 lama
308 2079 421 2136 Civilem
441 2082 520 2135 etiam
538 2082 659 2136 beneficii
675 2080 802 2134 memoria
814 2077 861 2132 lle-

61 2159 110 2223 xit,
129 2156 204 2228 quod
219 2154 306 2210 lilium
321 2156 389 2220 cius,
410 2156 498 2226 primo
511 2174 600 2210 rerum
616 2164 699 2218 motu,
721 2157 749 2207 in
759 2153 860 2208 colonia

61 2231 253 2305 Agrippinensi
262 2230 600 2301 deprehensum,honorate
608 2228 794 2283 custodierant.
808 2227 861 2283 Sed

60 2306 274 2362 Transrhenanis
284 2306 409 2378 gentibus
421 2307 510 2359 invisa
519 2305 613 2358 civitas
624 2301 758 2373 opulentia
767 2312 860 2358 auctu-

59 2398 124 2455 que.
164 2382 259 2453 Neque
268 2380 352 2435 alium
362 2380 443 2434 tinem
453 2379 516 2434 belli
526 2378 661 2439 rebantur,
673 2393 754 2447 quam
766 2380 789 2431 si
799 2395 861 2449 pro-

59 2458 166 2512 miscue
175 2472 206 2510 ea
216 2455 293 2510 sedes
301 2455 428 2510 omuibus
439 2452 580 2510 Germanis
591 2448 668 2517 ieret,
677 2451 873 2517 subdemus,

55 2531 138 2583 Ubios
146 2546 255 2597 quoquo
266 2530 449 2599 dispersisset.

95 2601 137 2650 ab.
158 2601 389 2675 IgiturTerrcterr',
403 2609 508 2668 Rheno
517 2608 648 2668 discreta
656 2594 916 2685 gemuisset*
