1950 3016
322 154 402 200 Lln.
422 154 441 198 1.
470 153 558 201 CAP.
579 149 601 198 1.
841 151 856 202 3

59 249 113 289 aruo
126 250 210 298 gravis,
229 251 251 290 in
266 251 313 300 ipsa
328 253 381 292 urbe
396 254 475 292 temero
490 256 548 300 orio,
564 263 612 292 cum
628 263 706 301 magno
721 255 778 292 metu
794 256 857 301 atquo

59 319 183 358 discrimino
196 320 313 367 primorum
327 322 429 369 civitatis,
443 323 541 369 precibus
555 325 577 360 et
588 322 687 370 lacrymis
698 320 788 360 Othonis
801 333 859 360 com-

57 388 157 436 ponitur,
172 388 209 434 qui
226 388 258 426 83.
268 388 300 427 84.
309 389 389 427 milites
398 388 424 427 ad
436 389 569 427 concordiam
582 391 604 427 et
616 389 740 428 modestiam
753 391 857 428 hortatur.

57 455 89 494 85.
101 454 152 493 Istis
163 456 292 504 compositis,
303 456 374 493 omnia
383 457 527 504 suspicionum
537 457 558 493 et
566 455 683 494 formidinis
695 457 763 504 plena,
777 459 859 505 praeci-

56 530 100 570 puo
119 525 205 570 patrum
222 525 289 562 metu.
324 523 356 561 86,
372 522 471 571 Prodigia
489 522 579 562 Othonis
598 521 679 562 cladem
696 526 858 573 praesagientia.

57 590 90 628 87.
104 588 137 635 Ie,
161 588 250 629 lustrata
267 590 330 638 urbe,
355 588 516 629 Narbonensem
534 588 624 629 Galliam
641 583 728 639 adgredi
746 594 820 632 statuit
837 595 859 632 et

56 658 88 695 88.
100 666 151 695 cum
160 657 233 696 multis
246 657 354 696 nobilibus
363 656 388 697 b.
397 656 508 697 Vitellium
521 658 599 697 aemuli
612 658 696 697 trabem
711 669 783 698 recum
792 661 858 699 ducit.

56 726 89 763 89.
102 725 157 763 Inde
170 726 225 763 rarii
238 727 355 764 animorum
368 729 446 765 motui.
473 728 505 766 9ο.
520 725 671 766 Commendata
687 724 783 775 patribus
796 738 859 775 repu-

56 792 115 831 blica
128 791 187 830 Otho
200 793 287 831 festinat
300 793 327 832 ad
339 793 426 833 bellum.
449 794 546 833 'lbacbatt
559 793 680 842 eloquentia
692 802 744 832 nour
757 793 824 841 Otho,
838 795 859 832 in

57 871 121 909 quern
132 861 204 900 studia
214 864 306 900 atroces
315 862 382 910 vulpi.

110 928 178 969 Gesta
186 930 240 968 haec
248 930 322 979 paucis
331 929 447 978 mensibus,
456 932 506 978 imp.
516 930 574 969 dero.
585 931 652 968 dotto
662 933 680 968 et
690 929 712 968 r.
727 930 785 970 Vim
794 941 846 970 corr.

119 1050 143 1102 l.
165 1038 283 1103 Initium
293 1047 363 1102 mihi
373 1049 464 1120 operis
475 1049 534 1105 Ser.
547 1048 634 1105 Galba
645 1050 754 1113 iterum,
767 1050 797 1104 T.
810 1046 859 1104 Vi-

57 1123 124 1179 'nlus
138 1125 267 1180 consules
278 1131 367 1179 erunt.
407 1122 475 1180 Nam
486 1133 549 1197 post
558 1124 696 1179 conditam
706 1125 803 1180 urbem
814 1144 860 1181 sa·

56 1201 219 1273 ptingentos
235 1209 262 1256 et
275 1200 375 1272 viginti
391 1201 492 1271 prioris
503 1202 564 1256 aevi
576 1218 661 1255 annos
672 1200 753 1255 multi
766 1210 860 1256 aucto-

56 1293 102 1331 res
119 1275 286 1341 retulerunt,
304 1274 370 1328 dum
385 1293 428 1329 res
438 1276 536 1348 populi
546 1274 624 1331 Rom.
639 1276 860 1331 memorabantur

56 1352 120 1424 pari
128 1348 285 1422 eloquentia
296 1368 327 1405 ac
337 1350 472 1406 libertate.
486 1353 633 1422 Postquam
644 1351 775 1406 bellatum
786 1353 859 1481 apud

56 1426 186 1492 Actium,
202 1435 228 1481 at
249 1444 284 1481 ue
296 1443 404 1481 omnem
418 1434 579 1498 potestatem
594 1427 628 1481 ad
642 1445 728 1481 unum
742 1445 791 1482 oon
806 1430 859 1482 erri

56 1503 137 1575 pacis
158 1444 297 1567 interluit,
319 1519 362 1556 ma
384 1520 418 1556 na
432 1502 480 1557 illa
495 1502 608 1575 ingenia
623 1519 739 1556 cessere.
769 1501 858 1557 Simul

57 1578 163 1633 veritas
176 1577 306 1649 pluribus
316 1520 406 1632 molis
416 1577 541 1642 infracta,
552 1578 674 1649 primum
684 1577 794 1633 inscitia
805 1580 860 1633 rei-

56 1654 190 1726 publicae
210 1661 241 1708 ut
259 1654 378 1718 alienae,
400 1671 465 1708 mox
485 1652 602 1708 libidine
618 1653 795 1720 adsentandi,
813 1663 860 1710 aut

57 1747 157 1785 rursus
172 1726 236 1784 odio
251 1728 384 1784 adversus
399 1728 581 1784 dominantes.
616 1730 655 1784 ita
674 1730 779 1784 neutris
795 1747 859 1785 cura

56 1804 243 1877 posteritatis,
260 1804 332 1859 inter
341 1803 464 1859 infensos
475 1805 520 1860 vel
531 1805 675 1859 obnoxios.
701 1804 756 1860 Sed
770 1806 860 1860 ambi-

56 1880 163 1934 tionem
175 1880 318 1950 scriptoris
329 1878 410 1934 facile
421 1881 570 1943 averseris;
583 1880 742 1935 obtrectatio
752 1889 779 1935 et
789 1880 860 1936 livor

56 1957 155 2027 pronis
171 1956 286 2009 auribus
302 1955 488 2028 accipiuntur:
511 1955 615 2027 quippe
630 1955 781 2010 adulationi
802 1956 860 2011 loe-

57 2028 128 2085 dum
143 2030 247 2084 crimen
263 2030 419 2094 servitutis,
436 2031 600 2104 malignitati
618 2028 686 2085 laisa
701 2033 809 2102 species
824 2033 860 2086 ii-

56 2106 174 2160 bertatis
184 2106 267 2160 inest.
278 2100 347 2162 Mihi
359 2106 455 2169 Galba,
467 2105 546 2171 Otho,
554 2105 682 2162 Vitellius
693 2124 744 2160 neo
754 2107 860 2161 benesi-

57 2183 101 2237 cio
113 2199 166 2235 neo
177 2180 277 2235 iniuria
290 2181 403 2254 cogniti.
424 2182 589 2254 Dignitatem
600 2189 719 2235 nostram
729 2199 744 2236 a
754 2182 859 2252 Vespa-

56 2259 138 2312 siano
149 2256 316 2322 inohoatam,
333 2276 346 2311 a
358 2258 418 2312 Tito
428 2265 543 2321 auctam,
560 2274 574 2311 a
585 2256 737 2311 Domitiano
749 2256 858 2327 longius

56 2339 218 2405 provectam
239 2350 292 2387 non
313 2333 470 2386 abnuerim:
496 2330 545 2386 sed
565 2333 756 2400 iuoonruptam
776 2330 858 2385 fidem

56 2407 193 2480 professis
210 2425 262 2461 nec
275 2425 367 2463 amore
377 2408 525 2479 quisquam
536 2416 562 2462 et
576 2408 636 2461 sine
646 2405 710 2460 odio
723 2403 857 2460 dicendus

57 2491 110 2538 est.
131 2481 237 2548 Quodsi
252 2485 308 2538 vita
322 2483 493 2555 suppeditet,
510 2484 698 2557 principatum
713 2479 868 2537 ddemae

57 2568 83 2613 et
98 2557 248 2626 imperium
261 2559 375 2625 Traiani,
390 2559 550 2620 uberiorem
567 2560 809 2634 securioremque
820 2574 888 2611 ma-

47 2632 153 2711 teriam,
167 2632 306 2687 senectuti
317 2640 453 2709 seposuit
469 2660 537 2701 rara
553 2651 733 2719 temporum
745 2635 913 2696 terrenae,

35 2698 85 2749 ’ψ’
98 2701 210 2764 'mm’
223 2720 298 2774 ‘1³³⁰
310 2713 396 2783 velis,
414 2729 452 2788 et,
469 2739 553 2796 quae
566 2724 702 2788 sentias,
714 2719 828 2777 dicere
834 2710 932 2764 iicet·

632 2804 700 2863 Ab
