1950 3016
55 184 125 261 aa)
221 194 303 241 ms.
323 195 342 241 1.
364 196 453 243 cnr.
475 199 517 244 ss.
539 198 578 244 se.
769 190 799 246 st

53 306 83 362 st,
104 305 135 352 ut
153 299 236 353 multa
255 303 334 352 ctiam
352 304 512 354 centuriones
526 303 691 369 tribunosque
703 307 803 354 tuntum

53 378 86 428 tri
105 377 235 440 inpediat.
276 373 314 436 Si,
335 377 380 428 ulti
393 377 539 438 iubeantur,
551 378 804 445 ‚quummesinpalis

53 459 87 512 nt,
96 458 221 517 pereunte
231 452 351 517 obsequio
360 454 437 503 etium
447 455 583 517 imperium
593 453 731 503 intercidit.
763 450 805 503 An

53 528 97 580 liic
109 532 184 577 nocte
197 532 349 592 intempesta
361 529 498 592 rapientur
511 522 608 591 oracul
625 540 693 578 unus
707 527 805 578 alterve

53 605 120 654 litus
127 616 160 653 cc
171 597 416 671 temulentus(neque
426 605 493 653 enim
500 602 591 667 plures
601 603 805 653 consternatione

53 681 127 731 nimo
145 679 275 728 insanisse
294 673 456 746 crediderim)
479 678 638 728 centurionis
656 691 688 728 uc
708 677 806 727 tribuni

53 755 131 821 cuine
144 766 239 803 manus
252 747 358 803 induet?
382 753 547 818 imperatoris
559 755 602 804 sui
613 753 751 804 tentorium
763 752 806 802 in·

53 823 124 896 spel?

54 904 100 956 st.
127 899 177 953 Vos
186 903 288 968 quidem
295 903 366 953 istud
372 916 423 968 pro
432 917 485 953 me:
504 904 549 954 sed
558 904 586 953 in
595 904 715 954 discursu
725 916 758 954 ac
769 908 807 953 te-

53 982 89 1032 ris
104 984 130 1029 et
143 992 232 1029 rerum
246 979 358 1028 amnium
372 979 520 1044 confusione
526 978 645 1045 patelieri
657 980 759 1030 occasio
768 983 807 1028 et-

53 1091 55 1101 ,
69 1056 200 1106 aduersus
212 1068 251 1103 mc
263 1059 353 1118 potest.
392 1050 423 1105 Si
436 1052 537 1104 Vitellio
551 1060 574 1105 et
586 1054 742 1105 satellitibus
751 1055 807 1105 cius

53 1132 116 1182 endi
125 1129 240 1196 facultas
250 1130 334 1190 detur,
343 1143 416 1195 quem
425 1130 499 1180 nobis
507 1131 629 1190 animum,
636 1144 703 1196 quus
711 1135 806 1180 mentes

53 1212 180 1264 secentur,
192 1205 255 1270 quid
264 1205 346 1264 aliud,
358 1218 436 1271 quam
444 1206 593 1256 seditionem
605 1210 629 1255 ct
638 1206 805 1265 discordium,

53 1284 137 1343 abunt,
154 1295 187 1331 ne
199 1279 273 1330 miles
283 1281 435 1339 centurioni,
451 1294 483 1330 ne
494 1282 610 1331 centuria
622 1281 726 1330 tutuno
735 1279 807 1330 olise-

55 1365 117 1423 tur;
137 1356 198 1407 linc
214 1357 314 1420 contusi
321 1356 420 1420 pedites
430 1357 575 1421 equitesque
584 1357 613 1405 in
623 1357 731 1406 cecilium
741 1368 807 1404 rua-

53 1429 79 1485 t?
99 1431 220 1484 Parendo
232 1431 326 1495 potius,
340 1431 531 1489 commilitones,
547 1444 625 1495 quam
637 1430 748 1495 imperia
757 1429 808 1478 du-

53 1507 243 1566 tsciscitando,
259 1520 302 1556 ees
315 1506 443 1556 militares
460 1506 637 1570 continentur;
661 1504 808 1570 etsortissi-

53 1587 102 1637 sin
117 1584 174 1648 ipsc
182 1582 332 1633 discrimine
342 1581 472 1632 coercitus
482 1585 528 1640 est,
542 1581 588 1645 quui
596 1584 657 1630 ante
668 1580 807 1631 discrimen

53 1660 188 1712 ctissimus.
220 1655 376 1708 Vobisarma
387 1658 521 1706 etam'mus
530 1655 579 1706 sit:
599 1655 662 1705 nrilci
672 1656 807 1707 consilium

53 1735 145 1788 irtutis
154 1738 255 1784 vestrae
269 1733 381 1797 repimen
390 1731 535 1796 relinquite.
574 1727 719 1781 Paucorum
730 1732 807 1797 culpa

54 1851 61 1871 ,
73 1812 186 1862 duorum
192 1822 276 1874 poena
286 1809 351 1859 erit:
362 1807 440 1857 ceteri
448 1805 545 1856 abolete
554 1807 703 1857 memoriam
711 1809 808 1874 {cedis-

53 1901 85 1938 ue
94 1885 193 1935 noctis:
209 1896 256 1935 acc
266 1883 327 1933 illas
336 1883 461 1933 aduersus
470 1886 587 1932 senatum
595 1882 747 1934 uocesullus
756 1898 807 1934 un-

53 1976 83 2012 :m
92 1959 225 2011 concitus
234 1959 334 2009 audiat.
351 1953 434 2022 Caput
444 1958 546 2022 imperii
556 1962 580 2007 et
590 1958 684 2008 decora
693 1961 807 2010 omnium

53 2035 201 2088 vinciacum
219 2035 256 2084 ad
271 2047 381 2097 poenam
398 2047 493 2084 vocure
510 2047 563 2084 non
577 2032 661 2084 hercle
673 2034 727 2095 illi,
744 2046 807 2100 quos

53 2112 179 2163 unanime
192 2107 309 2159 Vitellius
319 2109 346 2158 in
355 2122 401 2158 nos
411 2109 468 2169 ciet,
483 2105 606 2159 Germani
615 2110 736 2160 audeant.
760 2105 807 2157 tlt-

53 2186 163 2239 ·Italiac
173 2184 281 2244 alumni,
292 2190 317 2234 ct
329 2181 442 2234 Romana
452 2198 510 2234 vere
519 2186 645 2244 iuventus,
654 2186 689 2235 ud
698 2182 808 2246 sanpui-

53 2269 96 2314 ret
106 2261 211 2314 caedem
219 2260 412 2324 depoposcerint
421 2260 544 2318 ordinem,
557 2260 631 2310 cuius
639 2258 773 2323 splendore
783 2260 807 2306 et

53 2341 90 2391 *ia
113 2337 205 2389 studes
228 2341 253 2385 ct
274 2334 455 2385 obscuritatem
475 2332 672 2385 Vitellianorum
689 2332 806 2396 partium

53 2405 242 2477 cetrinpimus?
264 2407 389 2461 Nationes
407 2410 512 2476 aliquas
528 2410 664 2474 occupavit
681 2404 805 2467 Vitellius,

53 2491 144 2556 :finem
159 2486 291 2552 quandem
306 2486 436 2536 censitus
451 2485 537 2538 nabet:
558 2488 665 2537 senatus
677 2481 818 2534 nobiscum

85 2560 135 2614 Sic
142 2562 183 2626 sit,
200 2566 231 2610 ut
240 2561 302 2613 lenc
316 2564 477 2631 respublica,
492 2566 556 2621 inde
565 2563 655 2618 hostes
664 2557 838 2629 reipublicae

53 2637 160 2686 turmot.
202 2633 295 2698 meur
312 2636 860 2714 casputcncnimamhaacameaso-

53 2713 99 2756 ’θ’
107 2709 186 2759 tectis
195 2717 225 2765 tl
232 2726 366 2789 conpectu
377 2726 514 2799 lapidum
524 2735 609 2785 stare
622 2711 764 2779 creditis?
792 2708 883 2767 llum

583 2804 614 2865 D
625 2806 651 2864 2
