1950 3016
136 192 168 245 ao
350 193 693 243 eunomiana
790 183 923 259 (uum.
965 174 969 217 ³

134 296 241 372 ignavia
249 294 402 367 principum
413 296 509 352 iactum
520 304 568 353 est.
602 296 834 351 Sodmeveterum
844 310 927 351 noeo-
967 334 969 353 ;

135 388 250 443 rumque
258 388 364 427 morum
373 375 501 445 reputatio
512 372 616 446 longius
625 370 699 427 tulit:
710 387 783 426 nuno
792 369 926 427 adrerum

134 448 253 503 ordinem
263 449 350 503 venio.
965 442 969 599 q

189 525 230 577 39.
251 521 367 578 Profecto
379 520 525 577 Brixellum
539 519 650 587 Othone,
665 521 748 578 bonor
762 521 870 593 imperil
880 536 927 593 pe·

135 613 182 652 nee
192 597 325 652 Titianum
339 595 456 662 fratrom,
473 597 513 651 vis
528 613 558 651 eo
569 604 772 670 potestaspenee
782 595 925 651 Proculum
964 602 969 655 l

134 671 304 744 preelectum.
343 670 438 726 Celsus
451 678 476 725 et
489 669 635 737 Paulliuus,
651 689 713 726 cum
727 670 869 743 prudentia
883 686 928 727 oo-

134 765 196 802 rum
211 764 288 803 nemo
301 753 427 811 uteretur,
438 746 512 800 inani
521 746 628 801 nomine
636 746 746 812 dueum,
759 744 927 801 alienaeeul-

133 838 184 894 pac
196 820 441 894 praetendebantur.
480 820 593 875 Tribuni
607 822 827 894 centurionesque
839 820 927 877 ambi·

133 897 196 970 gui,
220 895 306 968 quod,
330 895 426 967 spretis
446 894 615 960 melioribus,
639 894 774 951 deterrimi
792 893 924 953 valebant.

133 969 210 1026 Miles
234 969 331 1037 alacer3
362 971 410 1042 qui
433 977 521 1026 tamen
540 972 613 1025 iussa
630 970 730 1026 ducum
747 971 923 1042 interpretari,

133 1062 215 1117 quam
229 1044 350 1117 exsequi,
367 1043 463 1100 mallet.
502 1046 651 1101 Promoveri
665 1045 698 1100 ed
712 1053 837 1118 quartum
852 1046 926 1101 alis·

133 1119 222 1175 driaoo
230 1127 313 1175 castra
322 1118 434 1192 placuit,
446 1119 510 1175 adeo
519 1120 639 1192 inperite,
650 1129 687 1186 ut,
694 1137 925 1193 quemquamver·

134 1212 169 1250 no
178 1202 294 1266 temporo
303 1195 376 1258 anni,
385 1202 410 1249 et
420 1201 455 1249 tot
464 1196 564 1249 circum
575 1197 709 1261 amnibus,
719 1198 831 1267 penuria
841 1210 925 1268 aquae

134 1268 313 1343 fatigarentur.
352 1269 392 1323 lbi
406 1268 439 1324 de
456 1269 556 1341 proelio
574 1269 738 1326 dubitatum:
759 1270 863 1326 Othone
879 1286 925 1342 per

134 1345 232 1400 litteras
247 1343 387 1417 flagitante,
404 1351 435 1398 ut
447 1352 621 1412 maturareut3
642 1345 783 1411 militibus,
798 1352 828 1400 ut
839 1346 925 1417 impe-

134 1429 203 1475 rator
221 1437 326 1493 pugnae
344 1418 461 1484 adesset,
485 1420 668 1491 poscentibus:
698 1419 819 1493 plerique
836 1421 924 1492 copias

133 1496 316 1551 trausPadum
330 1503 436 1568 agentes
450 1495 529 1549 eooiri
538 1494 713 1565 postulabant.
748 1496 807 1550 -Noo
815 1494 924 1567 perinde

133 1569 273 1625 diiudicari
282 1578 374 1640 potest,
383 1568 450 1641 quid
458 1570 590 1641 optimum
600 1568 667 1624 iactu
678 1570 855 1643 fuerit‚quam
864 1582 931 1643 posi

133 1646 232 1699 aimum
245 1644 336 1709 luisse,
347 1644 420 1716 quod
430 1642 584 1698 factumest.

189 1722 230 1774 lo.
242 1719 299 1773 Non
310 1726 339 1772 ut
348 1718 381 1772 ad
391 1736 520 1792 pugnam,
532 1717 579 1772 sed
588 1717 622 1772 ad
631 1716 792 1782 bellandum,
804 1717 923 1789 protecti,

133 1791 293 1848 oonlluentes
306 1792 370 1847 Padi
384 1801 410 1847 et
422 1792 532 1847 Adduae
542 1791 695 1858 fluminum,
706 1793 776 1848 XVl.
790 1793 854 1847 inde
863 1792 926 1849 mil-
967 1772 969 1825 Ι

132 1867 201 1922 lium
214 1868 299 1937 spatio
307 1867 443 1933 distantes,
457 1868 589 1938 petebant.
628 1867 704 1923 Celso
713 1867 868 1924 etPaullino
878 1868 926 1923 eb-

133 1942 278 1997 nuentibus
288 1941 399 1997 militem
409 1944 502 1998 itinere
510 1941 622 2008 fessum,
632 1944 743 1998 sarcinis
752 1942 927 2017 gravem,ob·

133 2018 212 2073 iioere
226 2017 305 2083 hosti,
322 2034 373 2072 non
387 2017 547 2084 admissuro,
562 2035 617 2091 quo
630 2019 720 2074 minus
734 2018 884 2090 expeditus,
900 2024 929 2073 et

133 2094 180 2149 vix
192 2102 306 2166 quatuor
320 2091 403 2147 millia
416 2111 546 2165 passuum
558 2110 725 2168 progressus,
737 2094 927 2166 antinoompo·

133 2171 197 2225 sitos
211 2170 240 2224 in
254 2169 368 2242 agmine,
385 2177 430 2223 aut
440 2169 575 2240 dispersos
587 2177 613 2223 et
622 2168 721 2224 vallum
731 2167 869 2224 molientes
879 2166 927 2224 ad-

132 2245 297 2319 grederetur:
326 2243 446 2299 Titianus
461 2253 486 2299 et
495 2243 632 2309 Proculus,
648 2243 696 2298 ubi
706 2243 824 2298 oonsiliis
833 2246 927 2300 vinco·

133 2329 233 2385 rentur,
249 2318 282 2374 ad
297 2319 340 2372 ius
354 2319 460 2390 imperii
474 2319 630 2374 transibant.
669 2317 764 2373 Aderat
778 2335 843 2373 sane
856 2321 927 2374 citus

134 2411 203 2466 equo
215 2392 330 2449 Numida
348 2410 411 2448 cum
424 2394 557 2449 atrocibus
570 2390 712 2458 mandatis,
731 2393 831 2466 quibus
845 2392 925 2460 Otbo,

133 2470 259 2541 increpita
269 2469 369 2524 ducum
379 2470 501 2542 segnitie,
512 2486 568 2524 rom
579 2469 607 2522 in
617 2467 760 2523 discrimen
771 2469 840 2523 mitti
849 2469 927 2524 iube-

127 2544 190 2609 bat,
208 2561 288 2617 aeger
296 2560 369 2600 mora
379 2552 405 2599 et
413 2544 469 2616 spei
480 2543 621 2614 inpatiens.

173 2621 216 2675 M.
228 2616 336 2677 Eadem
346 2619 393 2678 die
403 2619 437 2678 ad
447 2618 687 2689 Caecinam,operi
692 2616 941 2689 ponimintentumt

98 2685 161 2744 cluo
168 2698 387 2762 praetoriarum
405 2696 568 2758 cohortium
580 2691 702 2756 tribuni,
708 2686 890 2757 comestum
894 2687 961 2737 §W
