1950 3016
126 190 177 245 Μ
326 196 356 242 0.
374 194 566 242 conuenit
582 192 721 243 ‘raom

126 298 315 371 longissimum
333 314 430 352 aarum
449 299 560 371 peregit.
599 296 707 369 Quippe
723 304 826 352 alm
844 297 924 365 bona,

125 375 232 445 quaein
242 375 388 427 rirttitibus
397 374 447 426 sita
457 382 530 435 sunt,
542 372 731 443 inpleveratet
738 372 926 428 consularibus

126 466 157 502 aa
169 449 379 518 triumphalibus
391 450 555 502 ornamentis
568 448 696 518 praedito,
711 447 780 519 quid
794 447 870 502 aliud
880 448 926 502 ad-

125 532 228 577 struere
238 522 340 578 lortuna
350 522 467 594 poterat?
493 522 599 593 Opibus
612 524 706 576 nimiis
716 538 768 576 non
777 522 925 595 gaudcbat,

125 600 441 671 speciosaemntigerant.
468 598 925 668 Filiaatqueuxorasuperstitibus,

125 682 212 745 potest
221 674 305 727 videri
315 675 394 726 etiam
405 673 507 736 beatus,
522 672 652 727 incolumi
664 672 802 744 dignitate,
818 671 927 727 lloreuta

125 748 206 813 lama,
218 747 302 801 salvis
311 748 492 801 adfinitatibus
501 755 527 800 et
538 746 674 811 amicitiis,
692 747 780 800 lutura
791 746 925 820 effugisse.

126 824 205 887 Nam,
225 824 303 876 sicrtti
319 822 416 876 durare
429 823 457 876 in
472 822 522 875 baa
534 821 682 875 beatissimi
694 821 794 875 sacculi
806 821 876 886 luce,
897 838 927 877 ao

125 899 274 970 principem
285 898 429 950 Traianum
439 897 537 960 videre,
549 895 665 967 quodam
675 896 790 968 augurio
802 899 927 968 votisque

125 972 198 1042 apud
217 981 320 1026 nostras
339 988 419 1024 auras
432 971 614 1026 ominabatur:
636 972 671 1024 ita
686 970 824 1025 festinatae
832 973 926 1026 mortis

125 1046 226 1119 grando
239 1045 363 1100 solatium
380 1046 449 1110 tulit,
469 1046 587 1100 evasisse
600 1054 764 1116 postremum
780 1046 848 1100 illud
859 1055 927 1100 tena-

125 1138 189 1193 pus,
204 1138 260 1191 quc
273 1121 449 1185 Domitianus,
466 1138 519 1175 non
531 1123 584 1174 iam
594 1136 641 1191 per
651 1120 790 1175 interualla
799 1122 926 1193 asspira-

125 1204 214 1250 menta
224 1204 385 1266 temporum,
401 1195 617 1251 scdoontinuoet
626 1195 701 1250 velut
710 1210 764 1250 uno
773 1197 839 1262 ictu,
855 1212 926 1251 ram·

124 1271 260 1343 publicam
270 1271 403 1324 exhausit.

182 1349 224 1401 lb.
245 1346 303 1400 Non
317 1346 384 1400 vidit
399 1343 520 1418 Agricola
532 1345 670 1400 obsosmna
682 1344 797 1410 curiam,
816 1345 925 1400 stelan-

125 1438 188 1475 sum
203 1423 286 1474 armis
299 1428 432 1484 sanatum,
447 1427 474 1474 et
488 1420 580 1474 eadem
595 1428 683 1492 straga
696 1420 924 1475 tottousularium

126 1496 229 1559 caedas,
240 1504 276 1550 tot
286 1495 514 1550 nobilissimarum
525 1495 684 1549 feminarum
693 1494 790 1549 exsilia
799 1502 825 1549 et
835 1493 922 1568 fugas.

127 1570 183 1624 Una
203 1571 291 1624 adbuc
309 1571 416 1625 victoria
430 1569 516 1624 Canis
525 1568 621 1624 Matius
629 1570 797 1635 censebatur,
818 1578 845 1624 ct
856 1571 925 1625 intra

125 1645 256 1699 Albanam
266 1661 352 1698 arcem
362 1646 490 1698 scutsntia
501 1644 636 1698 Messalini
646 1645 788 1715 strepebat,
803 1652 829 1699 at
837 1646 924 1700 blassa

124 1719 239 1773 baebius
252 1720 307 1772 lam
322 1728 379 1773 tum
394 1735 457 1773 raus
465 1726 529 1773 erat.
568 1720 630 1774 lior
639 1726 744 1773 nostrae
751 1719 855 1774 duxere
864 1718 925 1775 llal·

126 1792 230 1845 vidium
248 1793 277 1846 in
297 1810 428 1847 carcaram
449 1810 560 1849 manus:
581 1811 629 1848 uos
642 1794 754 1849 Maurici
766 1794 924 1868 llusticiqua

124 1867 212 1930 visus,
225 1883 274 1920 nos
283 1868 416 1922 innocenti
425 1868 675 1942 sanguinaSenacio
688 1868 815 1939 perfudit.
856 1871 924 1925 Nero

124 1949 213 1996 nmen
227 1941 359 1996 subtraxit
371 1942 473 2008 oculos,
488 1945 622 2015 iussitqua
635 1943 744 2007 sociem,
758 1960 813 1999 non
822 1952 924 2016 spacta-

124 2018 178 2072 vit:
199 2018 340 2088 praecipua
358 2017 411 2071 sub
424 2018 573 2073 Dnmitiano
591 2019 761 2072 miseriarum
780 2034 845 2088 pars
859 2026 921 2084 erat,

124 2092 216 2146 videro
225 2100 250 2146 et
259 2092 370 2162 adspici,
382 2109 444 2146 cum
454 2094 571 2162 suspiria
582 2101 670 2147 nostra
680 2093 920 2157 subscriberentur,

124 2184 187 2221 cum
196 2167 353 2221 denotandis
365 2175 401 2221 tot
416 2166 556 2221 bominum
566 2167 712 2238 palloribus
722 2167 857 2223 stillicaret
867 2186 923 2223 sae-

124 2259 176 2296 vus
186 2240 233 2295 illo
241 2242 332 2296 vultus
340 2250 367 2295 et
376 2241 467 2304 nabor,
477 2258 532 2313 quo
541 2258 570 2295 se
578 2251 666 2296 contra
677 2243 806 2313 pudorem
817 2246 922 2298 munia·

124 2316 179 2371 bat.
219 2317 258 2370 Tu
269 2333 341 2381 varo,
354 2315 427 2380 felix,
439 2315 570 2388 Agricola,
584 2334 636 2371 uon
652 2316 722 2370 vitea
731 2325 835 2372 tantum
845 2319 922 2372 clari-

124 2398 186 2454 tate,
197 2390 245 2444 sad
256 2392 334 2445 otiam
345 2393 539 2462 opportunitate
549 2393 650 2455 mortis,
663 2391 702 2464 (ut
711 2390 864 2462 perbibent,
875 2392 921 2464 qul

124 2464 301 2520 interfuerunt
319 2466 476 2520 novissimis
493 2466 663 2520 sermonibus
682 2466 746 2537 tuis)
761 2476 886 2521 constans
898 2474 922 2520 at

116 2539 209 2595 libens
227 2539 314 2596 latum
333 2541 476 2614 excepisti3
505 2548 642 2613 tamquam
657 2556 705 2610 pro
719 2541 790 2595 virili
805 2543 921 2612 portione

102 2615 295 2677 innocentiam
306 2620 432 2695 principi
441 2616 571 2676 donares.
578 2614 927 2695 beduiuutdxaeupsm-

89 2696 138 2745 ter
146 2697 337 2757 acerbitatem
346 2700 480 2777 parentis
490 2694 593 2772 erepti,
602 2680 953 2765 summasunmna&
