1950 3016
61 102 187 181 nan.)
279 114 358 163 nan.
376 114 397 161 a
417 112 506 162 cae.
523 114 647 163 *rs-aa.
831 110 862 160 aa

60 215 185 282 hincne,
205 215 241 271 ab
252 214 357 272 Othone
371 216 405 271 ad
415 215 552 273 Vitellium
566 215 701 288 epistolae,
720 215 865 272 offerebant

58 296 200 361 pamniam
214 300 239 346 st
251 297 367 362 qratiam
379 301 404 346 at
416 309 592 362 quemcunque
604 297 697 361 quietio
709 294 793 347 locum
800 310 864 360 pro·

61 372 139 436 Oeae
151 372 223 422 ottae
235 370 346 436 lenisset.
384 366 459 421 Paria
468 367 592 422 Vitellius
606 367 759 432 ostentabat,
776 369 864 439 primo

61 441 270 507 mollius,stulta
281 443 417 514 utrimque
426 452 451 497 et
461 442 582 497 indeoora
592 441 775 497 simulatione:
789 460 862 510 mor,

60 518 141 590 quasi
156 518 285 582 rixantes,
305 526 396 589 stupra
409 526 435 572 et
449 516 547 591 llagitn
560 518 677 572 invioem
686 518 862 587 obiectavere3

61 602 156 647 neuter
164 591 243 653 lalso.
284 591 362 658 Otho,
372 594 510 658 revooatis,
522 610 590 664 quos
600 592 687 648 Galba
697 593 814 657 miserat,
827 592 865 646 le-

61 670 142 741 gatis,
149 685 247 723 rursus
256 665 864 740 aliosadutrumqueOermanicumexercitum

62 752 87 797 et
96 743 131 797 ad
141 742 276 816 legionem
287 742 402 797 Italicam
411 760 520 816 easque,
527 761 596 816 quae
603 743 730 817 Lugduni
741 744 862 817 agebant,

61 820 153 890 ennias
163 820 254 889 speeie
263 827 370 873 senams
379 820 463 874 misit.
492 819 582 893 Legati
592 821 664 891 apud
674 818 811 875 Vitellium
822 836 865 873 re-

63 894 452 965 mansere,promptius,quam
463 902 493 948 ut
502 896 595 949 retenti
603 895 765 950 viderentur.
787 894 865 949 Prae-

61 970 169 1033 teriani,
180 986 260 1040 quos,
272 985 320 1040 por
329 969 526 1027 simulationem
536 969 626 1035 officii,
639 970 730 1045 legatis
738 969 807 1026 Otho
817 970 865 1025 ad-

62 1044 197 1108 iunxerat,
218 1045 336 1109 nemisoi,
356 1053 498 1116 antequam
513 1045 663 1119 legionibus
678 1048 863 1102 miscerentur.

62 1119 144 1173 addit
156 1118 283 1190 epistolas
297 1119 396 1173 Fabius
411 1120 516 1186 Valens,
530 1123 640 1176 somine
652 1122 804 1177 Germanioi
817 1140 865 1176 ex-

62 1195 172 1259 ereitus,
193 1194 227 1249 ad
242 1196 385 1266 praetorias
400 1204 425 1249 at
438 1197 553 1252 urbanas
567 1198 696 1262 cohortos,
715 1197 749 1251 de
758 1198 864 1252 viribus

63 1270 182 1340 partium
195 1270 352 1343 magnificas
370 1278 395 1325 et
412 1272 577 1326 eonmrdiam
590 1273 738 1327 offerentes.
777 1274 866 1327 lncre-

62 1344 143 1416 pabat
152 1344 233 1409 ultm,
245 1349 314 1414 quod
324 1355 396 1400 torua
405 1356 467 1401 eote
481 1352 605 1402 traditum
619 1349 720 1402 Vitellio
730 1351 865 1416 inopertam

63 1425 96 1475 od
108 1420 236 1476 Othonem
245 1425 388 1475 oerttsemt.

115 1497 161 1550 nt.
184 1495 222 1548 lta
243 1497 384 1566 promissio
398 1495 480 1550 simul
494 1513 526 1551 ae
539 1497 621 1551 minis
634 1496 815 1563 tentabantur,
836 1507 866 1552 ut

64 1572 582 1639 boltoioporee,inpomotbtlamtaauri.
618 1573 711 1644 Neque
719 1572 779 1627 ideo
789 1591 865 1645 prae-

64 1646 229 1701 torianorum
242 1644 310 1700 fides
324 1654 433 1701 mutata.
472 1645 524 1702 Sed
539 1647 636 1702 insidia
677 1665 705 1702 es
719 1647 753 1702 ab
760 1648 865 1705 Othone

63 1721 89 1776 in
105 1721 292 1785 Germaniam,
307 1738 322 1775 a
336 1721 442 1777 Vitellio
454 1724 483 1776 in
502 1724 596 1779 urbem
612 1734 641 1778 m¹
651 1724 699 1778 ssi.
739 1724 865 1796 Utrisque

64 1794 162 1851 frustra
178 1793 244 1852 luit:
267 1795 416 1851 Vitellianis
429 1798 540 1870 inpune,
556 1816 604 1870 per
613 1808 712 1853 tantam
722 1798 863 1854 hominurn

65 1870 267 1929 multitudinem
276 1880 370 1927 mutua
380 1872 527 1945 ignorantia
537 1873 704 1929 inllentibns:
721 1873 864 1930 Othoniani

65 1949 180 2003 novitate
190 1945 293 2011 vultus,
304 1947 429 2003 omnibus
441 1948 555 2003 invioem
565 1950 666 2021 gnaris,
674 1950 862 2020 prodebantur.

65 2022 189 2079 Vitellius
198 2020 298 2077 litteras
308 2021 342 2076 ad
352 2021 496 2087 Titianum,
507 2022 613 2077 iratrem
625 2022 746 2090 Othonis,
756 2040 865 2092 compo-

64 2100 126 2164 suit,
147 2102 261 2152 oxtttum
279 2102 331 2165 ipsi
345 2101 447 2166 fitiootm
461 2102 517 2152 etus
530 2099 667 2164 minitans,
683 2106 712 2154 nt
724 2102 865 2153 incolumes

64 2178 112 2229 tibi
121 2181 208 2229 notar
215 2189 250 2226 oo
260 2175 336 2226 liberi
347 2181 525 2229 mmorentor.
563 2174 597 2228 Et
607 2175 678 2229 stetit
687 2175 783 2229 (lomus
794 2181 865 2226 utra-

65 2266 131 2320 que:
153 2247 208 2302 sub
223 2245 336 2311 Othone,
352 2248 482 2302 ineertum
495 2266 530 2303 an
540 2257 628 2304 metu:
650 2249 773 2304 Vitellius
782 2248 865 2302 victor

65 2323 221 2379 elementiae
230 2321 341 2397 gloriam
349 2322 419 2377 tulit.

116 2402 162 2455 76.
176 2396 386 2452 PrimusOthoni
397 2397 521 2455 fiduciam
532 2397 633 2453 addidit
641 2396 784 2471 exlllyrieo
794 2416 866 2452 nun-

66 2476 129 2541 tius,
139 2478 244 2530 torosos
253 2478 281 2527 in
292 2490 349 2528 eunt
358 2475 509 2534 Delatotioa
520 2493 553 2534 oo
565 2476 718 2532 Pannonius
727 2484 754 2531 et
764 2476 883 2531 idaeam

58 2553 173 2632 qam
202 2548 323 2608 ldemox
333 2552 470 2630 lllepania
482 2555 628 2615 adlatum:
647 2552 906 2625 insanissimae

46 2620 163 2675 aucum
175 2620 297 2685 annm
310 2630 423 2697 Mus:
447 2646 480 2698 st
494 2639 596 2699 suain
608 2637 771 2716 manuum
784 2637 846 2696 ssa,
858 2637 930 2678 we·
