1950 3016
81 171 220 249 (nonan)
259 181 470 230 nonrcona.
491 183 571 230 cnr.
591 182 712 231 ac-aa.
834 180 885 233 285

81 302 127 340 am
142 283 241 338 famam
252 283 312 355 paci
322 282 510 350 circumdedit;
532 301 611 355 quae,
622 283 665 339 vel
676 285 779 341 incutit
792 284 834 342 vel
845 293 885 342 to-

80 360 192 414 lerantia
203 359 334 430 priorum,
341 357 414 411 haud
424 358 515 412 minus
525 375 608 430 quam
618 359 720 414 bellurn
730 361 881 416 timebatur.

80 434 135 490 Sed
151 434 197 488 nbi
213 441 298 487 aestas
312 432 430 497 advenit,
445 440 577 488 contracto
586 435 713 499 exercito,
727 437 844 491 militum
855 438 884 491 in

81 510 190 582 agmine
201 508 308 562 laudare
318 507 485 572 modestiam,
496 507 620 563 disiectos
631 526 762 564 coercere:
776 510 831 566 loca
840 529 885 566 ca-

80 585 145 639 stris
159 585 218 654 ipse
231 599 338 653 capere:
360 583 491 636 aestuaria
505 600 536 637 ac
545 582 628 638 silvas
638 584 697 654 ipse
706 592 881 655 praetentare:

80 667 108 713 et
122 657 191 712 nibil
206 659 312 712 interim
329 656 401 728 apud
410 657 499 711 hostes
510 659 632 730 quietum
642 659 708 730 pati,
728 660 884 730 quominus

80 734 180 788 subitis
191 732 350 786 excursibus
359 731 544 803 popularetur:
567 740 656 805 atque,
668 734 716 788 ubi
724 735 789 788 satis
799 742 885 790 terru-

80 816 151 873 erat,
181 806 312 878 parcendo
334 825 430 860 rursus
454 808 623 862 inritamenta
648 809 722 878 pacis
742 816 882 864 ostentare.

80 882 189 949 Quibus
204 882 285 936 rebus
299 881 400 936 multae
414 882 543 948 civitates,
559 899 629 954 quae
641 884 670 937 in
680 882 759 937 illum
768 884 840 938 diem
851 901 885 937 en

81 975 169 1030 aequo
178 965 294 1030 egerant,
302 956 370 1011 datis
380 955 530 1022 obsidibus,
541 957 609 1011 iram
619 975 741 1029 posuere,
748 967 775 1013 et
782 958 884 1030 praesi-

80 1034 135 1088 diis
144 1031 314 1103 castellisque
323 1031 510 1097 oircumdatae,
525 1039 595 1087 tanta
605 1034 705 1089 ratione
713 1050 841 1105 curaque,
853 1039 883 1087 ut

81 1107 157 1163 nulla
167 1115 228 1161 ante
237 1107 387 1161 britanniae
397 1124 465 1162 nova
475 1124 537 1178 pars
547 1107 697 1162 inlacessita
708 1109 849 1164 transierit.

136 1185 179 1239 tl.
201 1181 321 1252 Sequens
335 1181 422 1235 hiems
436 1182 621 1236 saluberrimis
639 1183 759 1238 consiliis
772 1184 882 1238 absum-

80 1264 136 1329 pta.
176 1257 309 1328 Namque,
320 1263 349 1310 ut
360 1257 481 1311 homines
490 1257 606 1328 dispersi
616 1274 647 1311 ao
656 1257 746 1322 rudes,
760 1274 845 1329 eoque
854 1258 882 1312 in

35 1390 39 1398 ,
80 1331 152 1388 bella
161 1330 261 1396 faciles,
277 1333 361 1403 quieti
376 1333 519 1403 etotioper
529 1331 676 1402 voluptates
687 1331 880 1396 adsuescerent,

81 1407 182 1462 bortari
192 1408 328 1478 privatim,
340 1407 467 1461 adiuvare
477 1405 593 1476 publice,
604 1414 634 1460 ut
643 1405 750 1476 templa,
762 1405 827 1470 fora,
836 1406 883 1462 do-

81 1500 145 1537 mus
154 1489 330 1545 exstruerent,
342 1481 474 1535 laudando
483 1488 630 1552 promptos,
644 1488 669 1534 et
678 1481 830 1553 castigando
841 1499 883 1536 se-

79 1574 158 1631 gnes.
189 1557 226 1610 lta
238 1555 345 1610 honoris
356 1555 497 1610 aemulatio
506 1572 555 1626 pro
566 1555 721 1608 necessitate
730 1563 794 1609 erat.
827 1555 882 1610 lam

80 1649 146 1686 vero
155 1632 309 1702 principum
320 1629 388 1683 filios
399 1629 554 1684 liberalibus
565 1629 668 1684 artibus
678 1629 793 1693 erudire,
805 1638 831 1683 et
841 1631 883 1683 in-

79 1707 160 1781 genia
173 1707 362 1760 Britannorum
375 1703 472 1758 studiis
483 1704 621 1759 Gallorum
634 1703 771 1770 anteferre,
782 1711 822 1770 ut,
834 1705 882 1777 qui

80 1781 161 1837 modo
171 1780 292 1852 linguam
302 1780 448 1833 Romanam
459 1779 620 1844 abnuebant,
631 1779 809 1851 eloquentiam
819 1797 883 1835 con-

80 1857 258 1927 cupiscerent
297 1854 362 1908 lndo
376 1855 454 1908 etiarn
469 1854 576 1909 habitus
591 1855 674 1909 nostri
695 1855 778 1910 honor
792 1862 817 1909 et
830 1855 881 1910 fre-

80 1947 169 2003 quens
183 1938 252 2002 toga.
294 1929 488 2001 Paullatimque
500 1929 649 1984 discessum
664 1930 698 1984 ad
709 1930 881 1985 delinimenta

80 2005 343 2075 vitiorum,p0rtious
353 2012 378 2058 et
387 2004 481 2059 balnea
490 2005 878 2076 etconviviorumelegantiam.

80 2081 166 2152 ldqne
179 2080 251 2151 apud
265 2079 392 2150 inperitos
407 2080 559 2134 humanitas
575 2079 725 2142 vocabatur,
746 2095 809 2132 cum
819 2095 881 2149 pars

80 2156 219 2227 servitutis
228 2163 307 2209 esset.

135 2233 179 2287 tt.
200 2229 306 2284 Tertius
319 2229 517 2300 expeditionum
530 2245 617 2282 annus
627 2243 709 2280 novas
718 2234 810 2299 gentes
819 2243 882 2297 ape-

80 2306 145 2370 ruit,
158 2307 268 2360 vastatis
279 2321 366 2375 usque
376 2303 409 2358 ad
419 2303 504 2357 Taum
517 2301 658 2375 (aestuario
669 2318 765 2356 nomen
775 2300 824 2372 cst)
834 2319 882 2355 nn-

80 2380 209 2436 tionibus.
249 2378 307 2444 Qua
320 2378 466 2433 'formidine
486 2379 568 2432 territi
588 2376 693 2440 hostes,
715 2392 881 2448 quamquam

80 2453 259 2509 conflictatum
274 2454 361 2508 saevis
371 2452 572 2524 tempestatibus
582 2450 739 2515 exercitum,
754 2450 881 2506 lacessere

80 2547 134 2585 non
149 2531 223 2583 ausi:
245 2528 429 2599 ponendisque
443 2529 555 2597 insuper
567 2525 682 2581 castellis
692 2526 809 2598 spatium
820 2525 879 2580 luit.

80 2603 249 2659 Adnotabant
258 2605 346 2674 periti,
361 2614 416 2658 non¹
424 2602 507 2656 alium
518 2602 614 2656 ducem
624 2601 832 2672 opportunitates
843 2600 881 2656 lo-

80 2695 175 2736 corum
184 2679 333 2750 sapientius
344 2677 454 2751 legisse:
471 2676 579 2733 nullum
589 2677 623 2733 ab
632 2676 754 2752 Agricola
763 2678 879 2751 positum
