1950 3016
135 178 183 231 iss
372 180 699 231 nrs'rou1a1aurr
795 174 930 250 (namn.

134 282 219 338 iuerat
228 281 357 337 Caninius
366 283 486 348 Rebilus,
498 282 528 339 G.
535 282 646 340 Caesare
654 284 860 349 dictatore,cum
870 282 930 339 belli

133 356 221 411 civilis
232 359 348 428 praemia
358 357 554 413 festinaremus.

188 435 230 487 38.
251 432 317 487 Nota
330 450 378 503 per
391 450 436 488 ecs
450 433 509 487 dies
522 433 593 487 lunii
606 431 692 487 blaesi
706 449 779 486 mors
795 439 822 487 et
833 431 931 489 famosa

133 504 197 561 luit:
219 507 252 561 de
270 525 323 578 qua
343 507 383 561 sic
401 509 563 577 accepimus.
603 507 685 562 Gravi
702 507 822 578 corporis
841 507 931 562 morbo

133 598 210 654 aeger
220 581 343 637 Vitellius
357 580 513 636 Servilianis
531 582 614 635 hortis
633 581 729 635 turrim
744 583 835 637 vicino
853 583 929 637 sitam

132 656 270 712 conlucere
285 664 447 727 pernoctem
462 656 562 710 crebris
573 655 723 710 luminibus
733 655 928 712 animadvertit.

131 729 281 787 sciscitanti
298 746 430 793 caussam,
450 735 522 798 apud
543 730 680 784 Caecinam
700 732 811 785 Tuscum
829 734 931 798 epulari

132 810 233 869 multos,
243 809 412 872 praecipuum
424 807 519 858 bonore
529 806 633 858 lunium
642 805 771 868 Blaesum,
782 806 928 861 ntrntiatur.

132 878 223 933 Cetera
244 880 273 932 in
292 879 389 942 maius,
411 877 445 933 de
463 883 595 946 adparatu
610 888 634 932 et
646 882 739 933 solutis
752 883 782 933 iu
795 882 930 935 tassieium

131 959 234 1007 animis.
273 953 328 1005 Nec
340 951 456 1016 defuere,
472 955 520 1024 qui
532 954 622 1023 ipsum
632 953 750 1007 Tuscum
760 952 873 1018 stelias,
883 953 930 1009 sed

131 1026 302 1081 criminosius
312 1025 447 1092 Blaesum,
458 1028 620 1091 incusarent,
632 1032 707 1095 quod,
715 1045 794 1096 aspro
802 1032 927 1102 principe,

132 1105 212 1154 laetos
226 1105 281 1155 dies
294 1111 389 1169 operm.
428 1102 480 1156 Ubi
494 1110 644 1173 asperatum
654 1101 802 1167 Vitellium,
816 1110 843 1156 et
852 1119 930 1173 posse

131 1175 255 1229 Blaesum
265 1177 389 1245 perverti,
404 1176 468 1231 satis
478 1179 563 1247 patuit
571 1177 615 1240 iis,
626 1176 674 1247 qui
686 1177 840 1246 principum
848 1176 931 1231 ullen-

131 1249 861 1321 sssscriterspeculantur,dataeL.Vitelliodelationis
869 1268 931 1323 par-
972 1282 974 1289 ·

131 1333 179 1380 tes.
219 1324 266 1379 Ille
290 1324 411 1380 infensus
429 1325 520 1381 Blaeso
542 1324 719 1379 aemulatione
738 1342 837 1395 prava,
858 1325 930 1397 quod
972 1320 974 1335 '

131 1400 283 1464 eum,omni
293 1400 420 1456 dedecore
428 1399 716 1475 maculosum,egregis
726 1397 796 1454 fama
804 1400 928 1465 anteibat,

131 1475 287 1530 cubiculum
302 1475 468 1545 imperatoris
483 1481 590 1538 reserat,
607 1473 693 1528 lilium
709 1474 767 1528 eius
783 1475 848 1529 sinu
858 1492 930 1530 oom-
972 1470 974 1481 '

132 1549 227 1620 plexus
250 1556 277 1602 et
298 1549 413 1620 genibus
435 1549 566 1603 accidens.
606 1547 736 1603 Caussam
764 1548 929 1605 confusionis
972 1562 974 1567 '

130 1624 278 1694 quaerenti,
290 1640 341 1676 nou
350 1628 492 1690 mpreprio
501 1633 577 1686 metu,
588 1641 635 1678 nee
643 1629 686 1677 sui
695 1628 814 1688 anctum,
828 1629 873 1679 sect
881 1642 930 1693 pra

129 1695 220 1759 fratre,
234 1713 285 1763 pra
300 1699 388 1750 lileem‘s
400 1702 502 1766 fratris,
512 1715 602 1764 preces
615 1701 788 1767 &summasque
795 1702 928 1754 adtulisse.
970 1742 973 1747 .

129 1771 243 1825 Frustra
256 1771 439 1836 Vespasianum
449 1776 543 1835 timeri,
554 1790 629 1841 quem
639 1781 674 1826 tat
686 1771 858 1827 Germanicae
866 1777 930 1842 tepi-

130 1861 198 1906 onea,
215 1852 251 1898 tat
262 1849 414 1911 prouinciae
427 1850 523 1900 virtute
533 1864 566 1900 ae
579 1850 637 1916 fide,
649 1855 750 1900 tautum
758 1850 868 1916 denique
877 1857 929 1903 ter-

129 1935 222 1973 rarum
240 1935 273 1972 ue
291 1924 374 1974 muris
388 1924 509 1975 inmersis
521 1927 623 1988 spatiis,
643 1928 741 1975 arceat.
780 1923 813 1974 lu
826 1925 929 1977 arbeae

128 1998 189 2048 unu
202 1997 343 2048 cavendum
357 1997 460 2058 bostem,
473 1996 563 2049 Iunios
572 1997 744 2064 Antoniosque
753 2013 816 2050 auos
826 2001 929 2051 iactam

130 2078 188 2130 tem,
208 2072 255 2136 qui
272 2085 299 2122 se
317 2073 400 2137 stirpe
413 2074 590 2138 imperatorie,
611 2088 705 2125 comem
719 2088 752 2124 ae
765 2075 929 2142 mapnificum

131 2146 262 2205 militibus,
279 2151 394 2198 ostentet.
437 2147 530 2200 Versus
544 2148 607 2200 illuc
622 2149 735 2199 omnium
748 2155 852 2209 mentes,
869 2150 929 2199 alum

135 2219 258 2281 Vitellius,
274 2222 418 2273 amicerum
429 2223 642 2289 inimicorumque
657 2223 794 2287 neptipeus,
808 2225 930 2288 imatus·

129 2297 235 2355 mutum,
244 2297 375 2361 principes
384 2297 485 2349 telimas
494 2312 508 2348 e
517 2299 633 2348 conuiuio
640 2302 854 2361 prospectantem.
864 2296 930 2349 lieu-

128 2371 239 2421 dendam
250 2385 301 2436 pro
313 2373 489 2436 intempestiua
504 2371 606 2422 laetitia
620 2378 741 2421 maestum
756 2375 780 2421 et
797 2372 930 2437 [uenirem

128 2451 235 2504 noctem,
247 2459 299 2510 qua
308 2447 375 2496 sciat
385 2452 409 2496 st
418 2447 521 2505 sentiat,
531 2447 617 2496 uiuere
629 2443 756 2496 Vitellium
766 2451 790 2497 et
801 2446 930 2512 imperare

129 2525 161 2578 et,
173 2520 197 2570 si
206 2520 269 2584 quid
277 2522 334 2586 [ato
342 2521 455 2579 ασοίάαι,
466 2519 549 2584 filium
558 2519 657 2570 meere.

171 2593 216 2644 39.
242 2590 398 2663 Trepidanti
418 2591 489 2648 inter
508 2588 599 2646 scelus
611 2599 788 2660 metumque,
802 2590 932 2655 escalata

96 2657 195 2716 Blaesi
207 2681 289 2723 mors
301 2678 450 2728 maturam
464 2669 635 2746 perniciem,
645 2663 951 2739 polemiussastrocem
