1950 3016
133 188 184 248 an
335 194 362 240 c.
382 192 573 240 conunnn
591 191 728 239 raom

132 296 226 352 honori
241 293 388 369 Agricolae,
409 294 572 358 mandensi,
592 293 750 359 destinauit,
770 291 931 364 professione

132 372 238 443 pietatis
247 380 293 425 aut
303 369 426 424 laudatus
437 370 487 422 erit
495 377 701 423 autexeusatus.

189 450 214 501 l.
236 446 341 501 Gnaeus
355 444 441 498 lulius
455 442 587 516 Agricola,
604 451 690 498 vetere
701 440 846 497 etinluetri
856 443 932 499 liero-

128 519 391 577 iuliensiumoolonia
401 525 638 588 ortue,utrumque
647 535 730 572 avum
738 526 932 587 muneram

133 594 278 650 Caesarum
289 595 396 650 hahuitt
417 610 487 664 quae
496 594 628 664 equestris
637 591 763 647 nobilitas
775 599 826 647 eet.
860 593 933 647 Pater

133 671 220 725 Iulius
235 671 392 733 Graecinus,
408 669 532 722 senatorii
546 667 658 731 ordinis,
669 666 760 722 studio
770 666 933 738 eloquentiae

133 747 333 818 sapientiaeque
341 752 430 808 notus,
442 743 531 813 iisque
540 742 686 796 virtutibus
695 742 765 797 iram
774 740 834 797 Caii
841 741 933 799 Caen-

132 821 172 876 ris
181 822 302 874 meritus.
336 821 459 889 Namque
468 818 504 871 hl.
516 816 638 871 Silanum
647 816 776 870 adeusare
790 817 886 873 iussus
899 824 931 883 et,

133 897 197 968 quia
208 892 506 958 abnuerat,interlectus
515 899 564 947 est.
584 891 667 945 Mater
676 889 744 945 lulia
752 891 865 948 Procilla
875 892 931 957 tuit,

134 985 208 1023 rarae
217 970 353 1023 castitatis.
393 969 423 1020 ln
434 968 518 1021 huius
528 967 592 1020 sinu
606 965 830 1038 indulgentiaque
838 967 932 1023 eduee-

132 1051 186 1106 tus,
203 1058 369 1113 peromnem
385 1041 556 1096 honestarum
570 1041 668 1095 artium
678 1040 781 1097 nultum
791 1043 931 1112 pueritiam

133 1116 390 1188 adolescentiamque
405 1119 540 1188 transegit.
581 1116 693 1170 Ardebat
711 1133 773 1171 eum
787 1117 823 1171 eh
837 1117 931 1173 iuleea-

133 1192 190 1247 bris
210 1193 386 1263 poenantium,
406 1199 508 1262 praeter
528 1191 616 1261 ipsius
632 1191 729 1245 honam
748 1191 932 1265 integramque

133 1275 266 1331 naturam,
287 1267 360 1338 quod
379 1268 468 1320 statim
484 1265 615 1336 parvulus
628 1265 720 1320 eedem
734 1282 767 1320 no
778 1268 932 1340 magistram

133 1343 284 1398 studiorum
298 1341 444 1396 Massiliam
455 1340 587 1404 hahuerit,
603 1339 692 1394 locum
704 1339 805 1395 Graeca
815 1343 933 1397 eomitate
974 1354 975 1388 l

133 1425 160 1472 et
168 1417 325 1488 provinciali
334 1417 496 1489 parsimonia
507 1417 619 1470 mistum
628 1432 659 1469 ae
668 1416 737 1470 hene
745 1419 930 1488 compositum

133 1492 261 1547 Memoria
271 1501 355 1556 enee,
367 1491 476 1547 solitum
486 1492 577 1561 ipsum
588 1506 704 1555 narrare,
715 1507 745 1545 se
755 1492 785 1544 in
795 1492 932 1563 primain-

132 1575 212 1623 venta
223 1567 342 1621 studium
352 1566 537 1637 philosophiae
546 1565 643 1631 acrius,
655 1565 723 1619 ultra
734 1583 819 1637 quam
828 1584 932 1623 oonoee

133 1659 195 1696 sum
206 1642 324 1696 Romano
335 1659 365 1694 ne
374 1642 497 1706 senatori,
508 1641 640 1706 hausisse,
653 1641 681 1694 ni
690 1640 833 1711 prudentia
843 1641 932 1698 matr's

132 1717 274 1771 ineensum
286 1734 316 1770 ae
325 1715 478 1789 flagrantem
489 1717 612 1770 animum
622 1716 790 1770 ooerouisset.
831 1716 933 1772 Soiliatl

133 1789 251 1844 sublime
264 1798 290 1844 et
303 1801 420 1846 ereetum
435 1792 574 1864 ingenium
590 1790 819 1863 pulchritudinem
834 1808 933 1864 nespe-

133 1865 202 1919 oiem
216 1864 335 1919 exeelsae
350 1883 517 1939 magnaeque
530 1865 836 1940 gloriaevehementius,
852 1883 932 1940 quam

132 1948 218 2004 eante,
235 1940 381 2011 adpetebat.
422 1941 483 1994 hlox
498 1943 631 2014 mitigavit
644 1941 711 1995 ratio
725 1948 751 1994 et
764 1948 852 1997 aene:
873 1942 933 1997 reti·

133 2016 256 2086 fluitque,
272 2015 345 2087 quod
358 2022 398 2069 ast
411 2013 612 2082 difficillimum,
627 2033 661 2070 ex
671 2016 930 2085 sapientiamodum.

187 2093 213 2143 5.
235 2091 322 2143 Prima
337 2098 482 2144 castrorum
497 2091 647 2145 rudimenta
660 2091 687 2145 in
696 2091 832 2145 Britannia
841 2090 933 2150 Sueto·
958 2104 962 2117 '

133 2165 179 2219 nio
193 2164 323 2229 Paullino,
344 2163 465 2238 diligenti
480 2182 510 2219 ae
525 2167 658 2220 moderato
672 2165 745 2230 duni,
766 2166 930 2236 adprobavit,
961 2161 962 2197 ³

133 2239 242 2304 electus,
263 2256 345 2311 quem
359 2241 532 2295 contubernio
546 2242 704 2295 aestimaret.
744 2240 800 2295 Neo
812 2241 932 2316 Agrianis

133 2313 252 2378 licenter,
265 2331 337 2368 mora
346 2315 541 2387 iuvenum,qui
552 2315 676 2370 militiam
686 2316 714 2369 in
725 2314 865 2371 laeoiuinm
876 2334 932 2372 rer-

132 2396 202 2454 tunt,
218 2406 306 2461 nequa
319 2392 435 2464 segniter
448 2391 482 2445 ad
493 2389 640 2461 voluptates
652 2398 678 2445 et
691 2400 858 2447 oommeatus
871 2392 932 2447 titu-

133 2462 191 2518 lum
206 2465 356 2520 tribunatus
370 2474 395 2520 et
409 2467 541 2521 inscitiam
556 2466 659 2521 retulit:
680 2466 728 2523 aed
744 2484 856 2523 noscere
873 2483 931 2539 pre

135 2540 261 2605 vinciam,
279 2544 351 2596 nosei
365 2542 502 2604 exercitui,
517 2540 619 2594 discere
634 2558 648 2594 a
661 2542 765 2613 peritis,
776 2544 857 2615 sequi
866 2542 930 2614 epti-
965 2540 968 2551 '

134 2614 277 2677 mos,nihil
289 2616 409 2686 adpetere
418 2619 447 2672 in
457 2616 708 2681 iactationem,nihil
718 2617 754 2672 ob
762 2615 929 2673 formidinfln
963 2650 967 2693 2

133 2703 266 2756 recusare,
278 2691 414 2770 simulque
423 2693 521 2747 anxius
531 2700 556 2748 et
565 2693 782 2769 intentusagere.
821 2694 930 2751 Non*
962 2698 968 2763 Ι
