1950 3016
109 196 236 271 acro.)
310 204 391 253 nra.
410 206 465 254 111.
487 208 578 254 oar.
598 208 642 255 ιι.
662 208 705 255 τι.
863 204 911 258 lto

109 306 165 361 bno
175 305 269 377 populi
279 306 616 363 llomaniressulfioarant.
655 308 912 366 lloxServlusTul-

111 379 175 445 lina,
193 382 325 436 sociorum
340 382 441 450 studim
462 383 524 436 dein
535 381 698 454 Tarquinius
707 383 854 455 Superbus,
866 404 911 440 ca-

108 464 154 528 pta
168 454 267 510 Suessa
283 457 408 520 Pometia,
424 457 542 511 boatium
552 455 818 528 spoliisaxstruxera.
858 461 910 515 Sed

107 529 194 604 gloria
205 531 293 601 operis
305 530 418 585 libertati
428 539 568 587 reservata.
599 530 688 586 Pulsis
699 532 816 605 regibus,
828 536 911 590 llora-

106 607 164 660 tius
173 605 317 669 Pulvillus,
328 606 425 660 iterum
434 606 537 670 consul,
549 605 690 670 dedicavit,
697 623 727 660 ea
737 610 910 679 magnificen-

106 680 155 743 tia,
176 696 261 751 qnam
274 679 410 734 inmensae
424 690 514 751 postea
528 680 621 752 populi
634 681 746 735 llomani
759 699 823 753 opes
832 700 909 738 orna-

107 761 168 808 rent
182 756 281 824 potius,
298 772 380 826 quam
395 763 531 828 angerent.
570 754 668 809 lisdem
683 774 779 811 rursus
788 759 909 830 vestigiis

107 830 192 883 situm
207 837 256 893 est,
276 838 428 900 postquam,
449 830 585 884 interiecto
599 829 764 886 CCCCXXV
776 848 908 887 annorum

106 904 204 973 spatio,
216 903 247 957 l..
259 902 391 974 Scipione,
403 903 433 958 C.
445 904 567 958 Norbano
576 922 644 959 ooss.
656 905 820 979 flagraverat.
854 907 909 962 Cu-

106 994 166 1031 ram
178 978 262 1033 victor
272 977 345 1032 Sulla
355 979 481 1048 suscepit,
496 995 584 1050 neque
594 987 681 1034 tamen
691 981 836 1036 dedicavit:
856 982 907 1036 hoc

105 1051 196 1107 solum
211 1051 328 1107 felicitati
343 1054 402 1108 eius
418 1061 553 1125 negatum.
593 1054 690 1110 lutatii
701 1055 787 1110 Catuli
798 1073 905 1118 nomen,

105 1127 176 1182 iuter
186 1134 256 1181 tanta
267 1126 410 1181 Caesarum
418 1143 507 1198 opera,
514 1145 602 1198 nsque
610 1129 644 1183 ad
650 1130 786 1184 Vitellium
796 1133 904 1185 mansit.

160 1203 204 1255 73.
226 1202 265 1255 Ea
278 1211 343 1256 tuno
355 1202 432 1256 aedes
446 1203 621 1257 cremabatur.
660 1203 712 1258 Sed
726 1204 788 1274 plus
799 1207 906 1275 pavoris

103 1276 235 1339 obsessis,
245 1293 328 1347 quam
342 1277 536 1341 obsessoribus,
547 1276 647 1331 intulit.
687 1277 793 1347 Quippe
803 1278 906 1332 Vitelli-

103 1368 174 1406 anus
186 1350 264 1405 miles
274 1368 361 1422 neque
370 1359 429 1406 astu
439 1368 528 1422 neque
537 1351 682 1405 constantia
691 1353 760 1405 inter
771 1352 853 1406 dubia
864 1354 906 1406 in-

104 1426 222 1499 digebat.
243 1425 297 1480 ·Ει
306 1426 412 1480 diverso
420 1424 517 1496 trepidi
527 1424 636 1489 milites,
648 1425 705 1478 dux
714 1427 805 1497 segnis
815 1436 841 1480 et
851 1426 906 1479 vel-

104 1502 143 1556 uti
154 1507 249 1572 captus
260 1501 353 1565 animi,
370 1518 422 1555 non
436 1500 539 1572 lingua,
556 1516 609 1553 non
620 1499 732 1553 auribus
742 1510 903 1570 competere:

103 1592 194 1648 neque
208 1575 303 1629 alienis
317 1575 436 1629 consiliis
451 1576 517 1647 regi,
533 1591 622 1645 neque
634 1591 682 1628 sua
693 1576 830 1644 expedire:
851 1576 906 1630 huc

101 1650 170 1705 illuc
189 1649 351 1705 elamoribus
369 1650 488 1705 hostium
508 1650 668 1722 circumagi:
694 1666 764 1721 quae
779 1650 902 1714 iusserat,

102 1734 202 1789 vetare,
219 1743 289 1796 quae
297 1733 425 1789 vetuerat,
440 1726 541 1779 iubere.
580 1726 652 1789 lllox,
670 1724 742 1795 quod
756 1725 784 1778 in
794 1725 904 1797 perditis

102 1800 185 1856 rebus
195 1801 300 1865 accidit,
320 1818 412 1855 omnes
422 1802 583 1870 praecipere,
604 1817 682 1855 nemo
691 1801 812 1872 exsequi.
855 1802 903 1855 Po-

102 1884 212 1939 atreum,
227 1875 337 1930 abiectis
347 1875 439 1937 armis,
456 1873 546 1947 lugam
556 1883 581 1929 et
590 1874 697 1930 fallendi
708 1885 777 1930 artes
786 1876 903 1930 circum-

101 1950 266 2023 spectabant.
306 1951 467 2020 Inrumpunt
476 1948 609 2004 Vitelliani
622 1959 647 2004 et
655 1961 748 2005 cuncta
758 1953 900 2023 sanguine,

102 2025 181 2092 ferro,
194 2024 496 2096 llammisqnemiscent.
516 2024 596 2079 Pauci
605 2025 761 2079 militarium
770 2029 900 2088 virorum,

101 2104 171 2156 inter
185 2116 255 2171 qnos
271 2101 387 2153 maxima
405 2101 525 2172 insignes
539 2098 678 2154 Cornelius
692 2098 833 2160 Martialis,
849 2098 902 2151 Ae-

101 2175 196 2231 milius
212 2175 345 2237 Pacensis,
360 2173 502 2243 Casperius
515 2175 606 2247 Niger,
623 2174 716 2227 Didius
730 2171 838 2234 Scaeva,
849 2189 901 2241 pu·

100 2268 183 2323 gnam
198 2250 268 2313 ansi,
289 2248 488 2303 obtruncantur.
528 2249 651 2303 Flavium
668 2246 810 2308 Sabinum,
829 2247 901 2300 iner-

100 2342 174 2379 mem
184 2340 273 2394 neque
284 2322 373 2396 lugam
384 2329 557 2393 coeptantem,
568 2322 779 2381 circumsistunt,
785 2317 900 2383 etOuin·

99 2401 184 2453 otium
204 2400 332 2461 Atticum,
353 2398 500 2459 consulem,
523 2397 617 2450 umbra
636 2395 744 2450 honoris
758 2402 784 2446 et
796 2400 900 2447 suamet

99 2475 218 2528 vanitate
227 2481 413 2536 monstratum,
424 2470 496 2542 quod
506 2470 589 2523 edicta
599 2472 626 2523 in
637 2468 777 2539 populum,
790 2484 838 2537 pro
850 2468 900 2521 Ve-

99 2550 226 2619 spasiano
236 2548 386 2618 magnilica,
397 2547 524 2618 probrosn
535 2544 665 2599 adversus
674 2541 910 2605 Vitelliumsxeee·

89 2631 140 2673 m.
184 2620 271 2671 Ceteri
280 2636 333 2688 per
348 2625 436 2677 varios
456 2640 542 2678 casus
557 2621 665 2695 elapsi:
692 2617 816 2693 quibam
831 2611 936 2669 aaroni

76 2688 184 2752 Mitt,
194 2689 245 2743 alii
251 2690 308 2748 ada
315 2693 465 2758 clientium
474 2701 615 2772 contecti,
625 2710 654 2761 at
662 2700 739 2758 inter
751 2693 888 2753 amoinus
900 2683 956 2738 ὼ·
