1950 3016
268 190 472 238 mamona.
497 191 622 239 CAR&
644 194 668 240 d.
765 192 768 197 ’
821 190 871 244 3⁰5

67 289 241 349 suetudinem
256 291 386 347 vertisset.
425 291 494 346 Nam
514 308 562 347 nec
575 299 605 348 tu
619 295 719 367 agitare
728 303 755 352 et
763 298 870 370 insequi

66 375 159 440 poetas
173 367 337 432 intermittis,
358 373 455 441 elego,
475 368 520 421 cui
528 367 659 423 desidiam
669 370 870 427 advocationum

66 442 173 506 obiicis‚
188 440 375 513 quotidianum
389 441 439 496 hoc
448 443 625 513 patrocinium
635 443 814 501 defendendae
823 448 871 502 ad-

67 534 163 574 versus
174 523 200 570 te
208 517 326 586 poeticae
335 533 453 572 exerceo.
483 515 543 584 Quo
554 517 634 573 laetor
644 519 741 592 magis,
751 520 869 577 oblatum

65 592 146 648 nobis
159 591 287 656 iudicem,
303 593 352 663 qui
367 609 411 646 mc
421 592 462 647 vel
476 593 504 647 in
516 591 638 648 loturum
649 601 718 648 votet
727 610 822 649 versus
832 595 871 650 le-

48 680 52 688 ’
66 683 136 731 cere,
148 665 200 731 vel,
212 666 348 738 quodiam
359 667 542 739 pridemopto,
553 685 602 722 sua
613 671 871 740 quoqueauctorita-

66 751 92 797 te
101 740 252 811 compellat,
259 748 299 806 ut,
306 743 415 796 omissis
426 741 573 798 forensium
582 760 738 798 caussarum
749 746 871 818 angusti-

65 818 101 882 is,
112 817 141 871 in
152 816 255 887 quibus
264 817 328 871 satis
339 817 407 872 mihi
418 834 555 890 superque
564 818 690 873 sudatum
700 826 749 885 est,
756 821 870 876 sanctio-

65 908 124 947 rem
134 892 213 946 istam
224 898 250 945 et
258 893 439 966 augustiorem
453 891 631 964 eloquentiam
641 893 736 949 colam.

121 969 148 1022 5.
169 966 227 1040 Ego
237 983 309 1032 vero,
325 967 415 1040 inquit
424 966 574 1033 Secundus,
590 976 733 1040 antequam
744 986 787 1023 mc
798 969 869 1024 iudi-

65 1040 208 1112 cem-rlper
217 1049 331 1107 recuset,
348 1041 454 1108 luciam,
469 1043 544 1115 quod
552 1044 629 1115 probi
639 1052 665 1099 et
674 1043 786 1098 modesti
796 1045 869 1100 iudi-

64 1134 111 1172 ces
121 1116 216 1176 solent.
228 1124 259 1170 ut
273 1117 301 1170 in
311 1117 355 1172 his
367 1117 564 1190 cognitionibus
578 1135 607 1172 se
617 1126 753 1184 excusent,
766 1120 795 1174 in
805 1121 868 1191 qui-

64 1193 120 1249 bus
137 1189 311 1246 manifestum
326 1199 366 1246 est
384 1192 493 1247 alteram
511 1192 583 1265 apud
601 1209 646 1246 eos
664 1201 767 1263 partem
784 1196 868 1267 gratia

62 1265 228 1341 praevalere.
264 1264 333 1333 Quis
342 1268 415 1321 enim
428 1267 521 1332 nescit,
533 1266 669 1321 neminem
679 1267 748 1321 mibi
757 1271 870 1322 coniun-

64 1344 176 1398 ctiorem
186 1358 244 1396 esse
254 1349 280 1395 et
290 1340 867 1408 usuamicitiaeetadsiduitateooutubernii‚

64 1435 150 1491 quam
161 1415 278 1472 Saleium
288 1416 413 1482 Bassum,
424 1433 486 1470 cum
495 1416 628 1487 optimum
638 1415 740 1480 virum,
754 1422 812 1470 tum
822 1417 870 1471 ab·

64 1493 263 1549 solutissimum
275 1490 398 1562 poetam?
416 1491 536 1556 Porr0‚si
546 1489 647 1562 poetica
656 1489 870 1556 adcusatur,non

63 1568 151 1624 alium
161 1567 239 1621 video
249 1583 326 1622 reum
340 1566 547 1638 locupletiorem.

120 1641 238 1698 Securus
246 1643 289 1707 sit,
305 1643 396 1714 inquit
405 1641 485 1714 Aper.
501 1648 527 1695 et
535 1639 639 1711 Saleius
648 1639 749 1694 Bassus
758 1644 784 1694 et
793 1639 870 1710 quis-

63 1718 130 1792 quis
139 1717 210 1771 alius
219 1717 341 1772 studium
350 1719 468 1790 poeticae
476 1724 502 1772 et
512 1716 663 1772 carminum
670 1713 867 1789 gloriamiovet‚

64 1811 129 1849 cum
148 1809 258 1846 caussas
273 1809 351 1865 agere
364 1811 417 1848 non
431 1793 525 1864 possit.
563 1791 714 1865 Egoenim
736 1797 869 1861 quatenus

64 1869 197 1924 arbitrum
214 1867 268 1922 litia
282 1869 367 1923 hrains
380 1868 481 1933 inueui¹
496 1884 549 1922 non
560 1867 655 1937 patiar,
665 1867 815 1920 Maternum
825 1882 870 1921 so·

62 1944 158 1999 cictate
176 1941 297 2014 plurium
317 1942 437 1998 delendi:
462 1942 510 1996 sed
524 1942 616 2013 ipsum
630 1940 718 1997 solum
733 1941 806 2012 apud
821 1954 869 1995 vos

64 2035 188 2091 arguam,
200 2018 273 2090 quod
284 2025 362 2073 natus
372 2018 406 2072 ad
415 2017 593 2088 eloquentiam
604 2014 710 2071 virilem
724 2022 750 2069 et
759 2015 869 2069 oratori-

65 2110 121 2158 am,
133 2110 187 2164 qua
198 2110 290 2164 parere
300 2092 382 2147 simul
393 2100 419 2147 et
432 2093 500 2146 tucri
510 2093 651 2155 amicitias¹
664 2089 812 2143 adsciscere
821 2105 870 2142 na-

64 2161 162 2233 tiones,
183 2168 321 2239 complecti
331 2168 491 2239 provincias,
509 2172 607 2237 posset,
628 2165 727 2218 omittit
736 2162 868 2228 studium,

65 2260 122 2316 quo
136 2261 189 2299 non
203 2243 276 2298 alind
289 2245 317 2297 in
333 2243 438 2298 civitate
451 2249 540 2295 nostra
549 2238 592 2294 vel
607 2239 641 2293 ad
655 2237 796 2293 utilitatem
813 2235 871 2291 iru-

65 2319 198 2382 ctuosius‚
218 2317 259 2371 vel
274 2317 308 2371 ad
325 2318 480 2390 dignitatem
494 2314 622 2386 amplius,
643 2312 686 2368 val
700 2312 734 2367 ad
744 2311 820 2366 urhis
831 2309 870 2365 ia-

65 2411 141 2448 mam
160 2390 311 2462 pulchrius,
334 2393 373 2447 vel
388 2392 421 2446 ad
436 2393 516 2446 totius
530 2388 639 2460 imperii
652 2396 733 2459 etque
745 2386 869 2441 omnium

66 2467 189 2540 gentium
200 2466 320 2520 notitiam
329 2467 471 2521 inlustrius
481 2464 624 2538 excogitari
634 2469 729 2534 potest.
754 2461 833 2526 Nam,
844 2461 870 2516 si

67 2541 102 2596 ad
116 2538 256 2593 utilitatem
272 2541 341 2595 vitae
353 2544 443 2597 omnia
455 2538 566 2596 consilia
576 2537 697 2610 lacteque
705 2544 796 2592 noatm
803 2537 872 2590 diri·

63 2614 153 2687 genda
161 2621 234 2677 sunt,
246 2614 364 2684 quidest
374 2617 468 2684 tutius,
481 2632 570 2691 quam
579 2632 644 2673 eam
653 2628 784 2670 exercere
790 2617 900 2664 artem„

54 2703 110 2808 qap
120 2702 241 2819 sempeIrI
238 2698 362 2749 armatus
368 2693 552 2769 praesidium
562 2694 791 2831 amiciskopem
797 2678 926 2737 *MR*

102 2774 192 2814 serres
237 2804 245 2819 .
