1950 3016
57 220 181 297 aare)
270 229 351 277 ars.
371 229 405 278 v.
425 231 514 278 cnr.
534 231 575 277 ra.
596 230 637 278 21.
805 228 852 282 tlt

57 331 200 389 invaserit:
220 329 352 385 decimam
367 330 499 404 legionem
513 330 634 396 Armeni,
651 331 797 388 meundarn
805 333 856 388 Ba-

56 406 190 470 tsmduri,
201 414 228 459 at
236 405 351 461 Grinnes
361 406 526 478 Vadamque,
541 406 690 461 cohortium
700 406 856 481 alarumque

56 489 156 547 metra3
178 481 214 534 ita
228 480 324 535 divisis
338 482 432 551 copiis,
449 489 479 535 ut
490 482 584 552 ipseat
593 481 688 545 Veron,
701 498 789 536 sorore
798 485 856 538 sius

56 559 177 631 genitus,
189 553 378 627 Classicusque
393 572 423 609 aa
437 556 517 610 Tutor
530 572 609 609 suam
619 556 737 628 quisque
746 573 855 612 manum

44 632 204 687 traherent:
225 647 274 684 nee
286 631 377 685 omnia
391 629 512 701 patrandi
527 629 638 699 bdueia3
659 631 706 684 sed
715 635 797 685 matta
807 649 857 685 au·

56 711 94 762 sis
112 709 206 774 aliqua
224 708 252 758 in
267 711 488 774 parmenianum
499 709 597 773 adsere.
636 705 721 760 Simul
732 705 858 760 Cerialem

57 797 140 850 aspre
147 783 215 834 sutis
223 787 336 843 sautum,
345 788 370 832 et
376 782 498 847 pluribus
506 784 606 834 nuntiis
614 783 664 834 lue
673 778 738 834 tilde
747 797 858 834 cenea·

57 865 117 919 um,
132 870 207 922 posse
219 858 303 907 medio
315 858 444 921 intercipe
482 852 588 919 Quibus
601 854 763 909 obvenerunt
773 863 857 909 nstra

56 930 279 992 decumanorum,
298 930 521 1000 oppugnationem
542 928 655 1002 legionis
671 928 782 985 arduam
796 931 855 996 rati,

57 1020 199 1080 vnum
208 1001 364 1067 militem‚et
374 1003 513 1058 caedendis
523 1004 858 1076 materiisoperaturmtur·

57 1080 165 1143 bevere,
175 1077 262 1132 aeeiso
271 1077 401 1147 praelecto
409 1087 556 1133 amborum
567 1087 592 1133 et
599 1081 723 1151 quiaque
731 1081 856 1150 primori-

57 1154 110 1209 bus
120 1153 307 1208 centurionum
319 1153 467 1225 paucisque
479 1153 621 1208 militibus.
660 1153 746 1209 Ceteri
756 1171 785 1208 se
795 1172 857 1208 rnu-

56 1228 187 1285 nimentis
205 1225 354 1282 defendere.
392 1227 426 1281 Et
438 1229 545 1282 interim
555 1227 749 1282 Germanorum
760 1246 856 1282 manus

55 1301 219 1359 Batavoduri
228 1318 352 1372 rumpere
361 1302 514 1356 inchoatum
525 1310 630 1372 pontem
641 1301 801 1356 nitebantur.

113 1380 158 1434 rt.
177 1375 344 1448 Ambiguum
358 1376 489 1447 proelium
505 1393 559 1430 uox
571 1375 687 1430 diremit.
726 1375 790 1428 Plus
802 1375 859 1429 dis·

56 1451 182 1509 miminis
200 1451 272 1522 apud
289 1451 406 1506 Grinnes
424 1450 589 1521 Vadamque.
628 1449 729 1505 Vadam
751 1449 856 1514 civilis,

57 1528 177 1584 Grinnes
190 1525 336 1590 Classicus,
350 1525 549 1599 oppugnabant.
589 1524 643 1578 Nec
656 1524 716 1577 sisti
728 1531 857 1594 poterant,

56 1600 196 1658 interiecto
219 1599 363 1655 fortissimo
387 1616 509 1672 quoque:
544 1599 573 1652 in
596 1599 660 1669 quis
680 1598 857 1671 Briganticus,

57 1675 208 1750 praelectus
218 1673 284 1739 alae,
295 1675 434 1742 cecideram
456 1691 538 1746 quem
548 1673 632 1727 lidum
642 1674 769 1728 Romanis
778 1683 804 1728 et
814 1673 859 1729 Ci-

59 1748 396 1808 vilieruuouloiniensum
405 1749 535 1803 diximus.
555 1746 608 1802 Sed
617 1748 664 1802 ubi
675 1748 785 1803 Cerialis
795 1766 858 1804 eum

56 1825 160 1880 deleat·
170 1825 293 1896 equitum
303 1840 386 1879 mauu
396 1824 530 1888 subvenit,
543 1823 744 1890 ramelenum,
757 1826 860 1896 praeei-

57 1901 129 1973 pites
138 1898 266 1954 Germani
275 1900 303 1953 in
313 1915 419 1953 amnem
430 1908 555 1972 aguntur.
595 1898 699 1964 civilis,
710 1899 777 1954 dum
788 1899 860 1972 lugi-

58 1982 134 2031 entes
149 1980 268 2037 retentat,
288 1974 395 2047 agnitus
411 1975 564 2047 petitusque
577 1973 647 2038 telis,
668 1972 759 2028 relicto
777 1990 857 2044 equo,

57 2047 209 2105 emmau.
249 2047 322 2102 Idem
332 2049 588 2122 Veraeisellugium.
624 2048 748 2103 Tutorem
759 2047 859 2102 Classi-

59 2120 313 2268 atttriti?
323 2121 859 2262 luibitanlllssx.rutilii

59 2274 91 2328 tit
106 2271 219 2326 farmido
232 2278 259 2326 et
267 2214 381 2346 reldiges
392 2290 441 2343 per
449 2273 500 2328 alia
510 2271 622 2326 militiae
630 2271 723 2325 munia
733 2270 856 2339 dispersi.

60 2346 130 2405 sans
143 2345 254 2402 Cerialis
272 2364 368 2418 perum
382 2348 508 2418 temporie
522 2346 556 2401 ad
569 2344 738 2416 exsequenda
746 2344 858 2414 imperia

60 2420 152 2477 dabat:
173 2421 281 2476 subitus
299 2422 428 2487 consiliis,
448 2420 496 2476 sed
513 2428 611 2475 eventu
626 2420 724 2474 clarus.
762 2417 859 2472 Aderat

61 2494 177 2561 lartum,
192 2497 272 2550 etiam
286 2497 334 2551 ubi
343 2505 412 2551 artes
423 2495 580 2551 defuissent.
619 2495 687 2548 lline
695 2492 748 2565 ipsi
758 2493 859 2547 exerei-

60 2573 157 2642 tuique
170 2571 258 2625 minor
272 2589 336 2626 eura
351 2570 520 2646 disciplinae.
557 2570 596 2628 ut
608 2586 715 2646 pausos
724 2575 794 2641 past
803 2566 883 2626 duest

51 2645 382 2768 q¹¹⁸⁰32“¹,5¹l'⁶'l⁰¹¹l¹¹ffl
392 2639 906 2725 captivitatiseuasissetsmiammm

35 2728 93 2765 non
107 2728 132 2762 rr
161 2733 205 2768 rr.

67 2783 178 2838 Tacrres
194 2789 232 2845 Π,
671 2802 701 2876 Q
