1950 3016
66 176 213 251 sarteq·
269 186 349 231 urs.
365 186 418 231 111.
439 185 528 233 oar.
549 187 670 235 st—ae.
823 182 870 235 tta

66 286 104 342 ibi
114 286 222 352 cohors,
233 288 339 359 regium
349 286 482 342 auxilium
492 286 571 353 olim3
593 305 656 343 mox
665 287 754 343 donati
764 288 870 344 civitate

65 362 196 426 Romana,
212 363 290 434 signa
299 379 428 434 armaque
436 364 464 417 iu
475 371 595 417 nostrum
607 362 727 427 modum,
738 363 868 418 desidiam

65 435 258 507 licentiamque
271 436 446 503 Graecorum,
465 436 622 492 retinebant.
663 436 748 492 Classi
761 455 869 510 quoque

64 511 137 567 iaces
146 510 249 576 intulit,
263 528 348 567 vacuo
357 513 434 576 mari,
449 511 569 575 eludens,
581 511 645 582 quia
656 510 813 567 lectissimas
824 514 869 566 m-

63 586 243 642 burnicarum
256 602 419 659 omnemque
432 587 545 641 militem
556 586 698 641 Mucianus
710 587 867 660 Byzantium

64 662 198 735 adegerat.
239 660 312 726 Quin
332 669 358 715 et
375 661 481 716 barbari
501 662 672 731 contemptim
692 662 866 734 vagabantur,

64 735 202 793 lubricatis
211 744 319 806 repente
328 736 453 800 navibus,
462 735 594 808 (cameras
603 734 706 807 vocant)
716 738 795 791 arctis
806 736 869 790 late-

64 811 154 876 ribus,
174 809 225 865 lata
239 810 309 876 alvo,
330 812 389 865 siue
399 810 507 866 vinculo
520 811 589 864 aeris
599 819 645 865 aut
656 810 719 865 ferri
729 812 865 866 connexis.

62 884 99 940 Et
108 885 214 941 tumido
227 886 306 950 mari,
319 892 399 956 prout
409 884 506 940 fluctus
516 884 659 950 adtollitur,
674 904 780 940 summa
791 887 868 941 navi-

64 978 113 1014 um
129 958 228 1015 tabulis
242 968 350 1033 augent,
371 959 454 1015 donec
469 961 497 1014 in
506 959 616 1014 modum
629 962 689 1015 tecti
699 961 864 1017 claudantur.

64 1034 110 1090 Sic
119 1035 189 1089 inter
199 1034 285 1088 undas
294 1033 448 1099 volvuntur,
459 1035 517 1105 pari
530 1036 666 1106 utrimque
675 1046 795 1106 prora,et
805 1054 867 1091 mu-

64 1109 142 1164 tabili
154 1110 277 1182 remigio,
298 1109 405 1181 quando
419 1110 483 1164 hinc
497 1110 539 1165 vel
552 1108 627 1165 illinc
640 1110 771 1182 adpellere
781 1111 866 1165 iudis-

64 1194 168 1239 cretum
177 1192 204 1238 et
213 1185 353 1239 innoxium
365 1192 412 1238 est.

119 1261 162 1314 i8.
183 1257 304 1313 Advertit
313 1276 343 1313 ea
352 1275 395 1313 res
405 1259 562 1330 Vespasiani
572 1259 703 1323 animum,
714 1268 745 1313 ut
754 1260 865 1315 vexilla-

62 1334 118 1389 rios
132 1350 149 1387 e
161 1332 322 1406 legionibus,
337 1333 488 1405 ducemque
498 1333 621 1388 Virdium
632 1333 788 1397 Geminum,
804 1350 866 1403 spe-

62 1416 147 1463 ctatae
160 1408 280 1472 militiae,
296 1407 432 1481 deligeret.
473 1407 519 1461 Ille
534 1409 739 1477 incompositum
755 1415 780 1461 et
789 1424 865 1477 prae-

62 1482 113 1537 dae
126 1482 253 1554 cupidine
267 1500 367 1555 vagum
381 1483 484 1537 hostem
500 1481 618 1545 adortus,
634 1482 718 1554 coegit
728 1482 755 1534 in
767 1499 863 1536 naves:

62 1556 218 1628 effectisque
232 1558 328 1629 raptim
339 1557 503 1621 Liburnicis,
519 1555 676 1626 adsequitur
686 1555 825 1609 Anicetum
835 1558 863 1610 in

61 1632 131 1689 ostio
144 1631 266 1686 llumiuis
279 1631 385 1697 Cohibi,
406 1639 494 1687 tutum
509 1631 562 1685 sub
571 1629 780 1685 Sedochezorum
793 1632 864 1703 regis

62 1706 264 1779 auxilio,quem
274 1707 387 1777 pecunia
396 1705 528 1777 donisque
538 1705 570 1760 ad
581 1707 729 1760 societatem
740 1706 864 1776 perpule-

61 1790 112 1837 rat.
151 1782 192 1835 Ac
208 1783 297 1853 primo
311 1799 358 1836 rex
372 1782 454 1835 minis
468 1782 604 1852 armisque
617 1779 765 1850 supplicem
777 1782 861 1836 tueri:

60 1864 206 1928 postquam
216 1872 318 1910 merces
328 1855 484 1926 proditionis
494 1864 539 1909 aut
549 1853 648 1911 beilum
660 1856 860 1921 ostendebatur3

60 1929 145 1996 ilum,
166 1938 197 1985 ut
217 1938 257 1984 cst
272 1930 401 1993 barbaris,
423 1929 483 1994 fide,
503 1938 595 2001 pactus
613 1930 717 1985 Aniceti
737 1933 860 1994 exitium,

61 2005 191 2079 perfugas
200 2004 317 2069 tradidit,
329 2004 452 2076 belloque
461 2004 552 2059 servili
563 2005 624 2060 finis
632 2007 775 2077 inpositus.
796 2006 863 2058 Lue-

60 2090 120 2138 tum
130 2097 161 2134 es
172 2080 280 2134 victoria
290 2079 494 2150 Vespasianum,
505 2081 608 2134 cunctis
617 2097 698 2151 super
708 2089 767 2133 vota
777 2077 862 2132 liuen-

60 2156 145 2220 tibus,
166 2153 354 2209 Cremonensis
373 2154 465 2225 proelii
478 2155 590 2208 nuntius
606 2156 635 2209 in
652 2155 772 2225 Aegypto
786 2153 863 2205 adse-

60 2230 164 2302 quitur.
204 2230 243 2283 Eo
256 2231 441 2300 properantius
454 2227 640 2283 Alexandriam
651 2228 746 2300 pergit,
757 2234 796 2289 ut,
809 2225 862 2279 lra-

60 2312 102 2359 cte
111 2302 212 2359 Vitellii
222 2305 349 2368 exercitu,
361 2303 455 2357 urbem
469 2320 577 2374 quoque
589 2311 711 2357 externae
721 2302 780 2369 opis
790 2300 862 2354 indi·

58 2396 122 2452 gam
133 2377 204 2433 fame
214 2386 328 2451 urgeret.
367 2379 490 2449 Namque
503 2385 529 2431 et
540 2375 666 2439 Africam,
678 2374 770 2429 eodem
781 2372 861 2428 latere

58 2456 150 2518 sitam,
163 2461 232 2507 terra
242 2454 364 2524 marique
372 2452 497 2507 invadere
507 2449 731 2522 parabat,clausis
741 2464 861 2502 annonae

58 2528 192 2583 subsidiis
213 2528 331 2598 inopiam
341 2545 372 2582 ac
380 2525 540 2582 discordiam
550 2524 619 2578 hosti
628 2521 756 2577 iacturas.

115 2604 158 2657 aa.
177 2602 249 2654 Dum
260 2601 313 2657 liae
326 2603 407 2659 totius
420 2600 496 2657 orbis
506 2599 658 2657 mutatione
664 2596 877 2668 iortuua'xmpe-

45 2674 195 2736 tffflwl't,
211 2675 474 2737 PrimusAntouius
485 2696 678 2757 nequaquam
684 2676 900 2754 pariinnoecn-
