<?xml version="1.0" encoding="UTF-8"?>
<!DOCTYPE html PUBLIC "-//W3C//DTD XHTML 1.0 Transitional//EN"
    "http://www.w3.org/TR/xhtml1/DTD/xhtml1-transitional.dtd">
<html xmlns="http://www.w3.org/1999/xhtml" xml:lang="en" lang="en">
 <head>
  <title>
</title>
<meta http-equiv="Content-Type" content="text/html;charset=utf-8" />
  <meta name='ocr-system' content='tesseract 3.04.00' />
  <meta name='ocr-capabilities' content='ocr_page ocr_carea ocr_par ocr_line ocrx_word'/>
</head>
<body>
  <div class='ocr_page' id='page_1' title='image "./ccorneliitaciti00weisgoog_0115.png"; bbox 0 0 1950 3016; ppageno 0'>
   <div class='ocr_carea' id='block_1_1' title="bbox 110 100 960 176">
    <p class='ocr_par' dir='ltr' id='par_1_1' title="bbox 110 100 960 176">
     <span class='ocr_line' id='line_1_1' title="bbox 110 100 960 176; baseline -0.008 -13"><span class='ocrx_word' id='word_1_1' title='bbox 110 112 158 163; x_wconf 78' lang='lat' dir='ltr'><strong>toa</strong></span> <span class='ocrx_word' id='word_1_2' title='bbox 343 112 669 160; x_wconf 68' lang='lat' dir='ltr'><strong>sternutantis</strong></span> <span class='ocrx_word' id='word_1_3' title='bbox 766 100 899 176; x_wconf 69' lang='lat' dir='ltr'><strong>(unm.</strong></span> <span class='ocrx_word' id='word_1_4' title='bbox 957 102 960 107; x_wconf 83' lang='lat'>&#39;</span> 
     </span>
    </p>
   </div>
   <div class='ocr_carea' id='block_1_2' title="bbox 64 214 975 2692">
    <p class='ocr_par' dir='ltr' id='par_1_2' title="bbox 107 214 975 1936">
     <span class='ocr_line' id='line_1_2' title="bbox 108 214 902 286; baseline -0.004 -14"><span class='ocrx_word' id='word_1_5' title='bbox 108 216 255 272; x_wconf 80' lang='lat' dir='ltr'><strong>amicorum</strong></span> <span class='ocrx_word' id='word_1_6' title='bbox 264 214 902 286; x_wconf 82' lang='lat' dir='ltr'><strong>oonsiliodeterritus,sumptapraetaxtaetoom·</strong></span> 
     </span>
     <span class='ocr_line' id='line_1_3' title="bbox 107 287 975 364; baseline -0.001 -20"><span class='ocrx_word' id='word_1_7' title='bbox 107 292 193 362; x_wconf 90' lang='lat' dir='ltr'><strong>posito</strong></span> <span class='ocrx_word' id='word_1_8' title='bbox 202 291 318 364; x_wconf 78' lang='lat' dir='ltr'><strong>agmine,</strong></span> <span class='ocrx_word' id='word_1_9' title='bbox 330 293 448 345; x_wconf 74' lang='lat' dir='ltr'>incessit.</span> <span class='ocrx_word' id='word_1_10' title='bbox 469 290 587 356; x_wconf 87' lang='lat' dir='ltr'><strong>Quatuor</strong></span> <span class='ocrx_word' id='word_1_11' title='bbox 598 290 730 361; x_wconf 81' lang='lat' dir='ltr'><strong>legionum</strong></span> <span class='ocrx_word' id='word_1_12' title='bbox 741 287 901 360; x_wconf 85' lang='lat' dir='ltr'><strong>aquilaepar</strong></span> <span class='ocrx_word' id='word_1_13' title='bbox 974 303 975 322; x_wconf 64' lang='lat'>¹</span> 
     </span>
     <span class='ocr_line' id='line_1_4' title="bbox 107 363 900 438; baseline -0.005 -18"><span class='ocrx_word' id='word_1_14' title='bbox 107 366 230 429; x_wconf 81' lang='lat' dir='ltr'><strong>frontem,</strong></span> <span class='ocrx_word' id='word_1_15' title='bbox 250 367 412 438; x_wconf 89' lang='lat' dir='ltr'><strong>totidemque</strong></span> <span class='ocrx_word' id='word_1_16' title='bbox 430 367 498 418; x_wconf 83' lang='lat' dir='ltr'><strong>cirea</strong></span> <span class='ocrx_word' id='word_1_17' title='bbox 518 382 533 418; x_wconf 89' lang='lat' dir='ltr'><strong>e</strong></span> <span class='ocrx_word' id='word_1_18' title='bbox 551 364 700 438; x_wconf 80' lang='lat' dir='ltr'>legionibus</span> <span class='ocrx_word' id='word_1_19' title='bbox 719 363 780 417; x_wconf 84' lang='lat' dir='ltr'><strong>aliis</strong></span> <span class='ocrx_word' id='word_1_20' title='bbox 795 363 900 426; x_wconf 83' lang='lat' dir='ltr'><strong>vexilla,</strong></span> 
     </span>
     <span class='ocr_line' id='line_1_5' title="bbox 108 438 975 518; baseline -0.003 -22"><span class='ocrx_word' id='word_1_21' title='bbox 108 459 171 497; x_wconf 91' lang='lat' dir='ltr'><strong>mox</strong></span> <span class='ocrx_word' id='word_1_22' title='bbox 180 443 231 496; x_wconf 82' lang='grc' dir='ltr'><strong>ΧΠ</strong></span> <span class='ocrx_word' id='word_1_23' title='bbox 240 441 342 496; x_wconf 85' lang='lat' dir='ltr'><strong>alarum</strong></span> <span class='ocrx_word' id='word_1_24' title='bbox 353 443 440 512; x_wconf 81' lang='lat' dir='ltr'><strong>signa,</strong></span> <span class='ocrx_word' id='word_1_25' title='bbox 451 448 476 493; x_wconf 90' lang='lat' dir='ltr'><strong>et</strong></span> <span class='ocrx_word' id='word_1_26' title='bbox 485 448 544 510; x_wconf 86' lang='lat' dir='ltr'><strong>post</strong></span> <span class='ocrx_word' id='word_1_27' title='bbox 553 438 792 510; x_wconf 84' lang='lat' dir='ltr'><strong>peditum-ordines</strong></span> <span class='ocrx_word' id='word_1_28' title='bbox 805 454 899 511; x_wconf 82' lang='lat' dir='ltr'><strong>eques:</strong></span> <span class='ocrx_word' id='word_1_29' title='bbox 973 501 975 518; x_wconf 26' lang='grc' dir='ltr'><em>Α</em></span> 
     </span>
     <span class='ocr_line' id='line_1_6' title="bbox 108 513 975 589; baseline -0.005 -18"><span class='ocrx_word' id='word_1_30' title='bbox 108 516 169 571; x_wconf 90' lang='lat' dir='ltr'><strong>dein</strong></span> <span class='ocrx_word' id='word_1_31' title='bbox 179 525 292 589; x_wconf 91' lang='lat' dir='ltr'><strong>quatuor</strong></span> <span class='ocrx_word' id='word_1_32' title='bbox 302 526 328 571; x_wconf 93' lang='lat' dir='ltr'><strong>et</strong></span> <span class='ocrx_word' id='word_1_33' title='bbox 337 515 418 568; x_wconf 86' lang='lat' dir='ltr'><strong>XXX</strong></span> <span class='ocrx_word' id='word_1_34' title='bbox 427 513 555 577; x_wconf 73' lang='lat' dir='ltr'><strong>cohortes,</strong></span> <span class='ocrx_word' id='word_1_35' title='bbox 571 523 600 568; x_wconf 94' lang='lat' dir='ltr'><strong>ut</strong></span> <span class='ocrx_word' id='word_1_36' title='bbox 610 515 717 568; x_wconf 89' lang='lat' dir='ltr'><strong>nomina</strong></span> <span class='ocrx_word' id='word_1_37' title='bbox 726 514 847 586; x_wconf 81' lang='lat' dir='ltr'><strong>gentium</strong></span> <span class='ocrx_word' id='word_1_38' title='bbox 858 519 902 567; x_wconf 83' lang='lat' dir='ltr'><strong>aut</strong></span> <span class='ocrx_word' id='word_1_39' title='bbox 972 523 975 566; x_wconf 83' lang='lat' dir='ltr'><strong>t</strong></span> 
     </span>
     <span class='ocr_line' id='line_1_7' title="bbox 108 587 903 663; baseline -0.005 -17"><span class='ocrx_word' id='word_1_40' title='bbox 108 594 209 663; x_wconf 83' lang='lat' dir='ltr'><strong>speeies</strong></span> <span class='ocrx_word' id='word_1_41' title='bbox 219 608 352 646; x_wconf 91' lang='lat' dir='ltr'><strong>armorum</strong></span> <span class='ocrx_word' id='word_1_42' title='bbox 364 589 598 652; x_wconf 84' lang='lat' dir='ltr'><strong>lorent,discretae.</strong></span> <span class='ocrx_word' id='word_1_43' title='bbox 623 590 690 643; x_wconf 78' lang='lat' dir='ltr'><strong>Ante</strong></span> <span class='ocrx_word' id='word_1_44' title='bbox 699 587 818 660; x_wconf 81' lang='lat' dir='ltr'><strong>aquilam</strong></span> <span class='ocrx_word' id='word_1_45' title='bbox 828 604 903 660; x_wconf 85' lang='lat' dir='ltr'><strong>praa-</strong></span> 
     </span>
     <span class='ocr_line' id='line_1_8' title="bbox 109 664 975 744; baseline -0.005 -23"><span class='ocrx_word' id='word_1_46' title='bbox 109 667 168 721; x_wconf 85' lang='lat' dir='ltr'><strong>lecti</strong></span> <span class='ocrx_word' id='word_1_47' title='bbox 184 677 327 720; x_wconf 88' lang='lat' dir='ltr'><strong>castrorum</strong></span> <span class='ocrx_word' id='word_1_48' title='bbox 343 665 498 735; x_wconf 88' lang='lat' dir='ltr'><strong>tribunique</strong></span> <span class='ocrx_word' id='word_1_49' title='bbox 510 673 534 718; x_wconf 92' lang='lat' dir='ltr'><strong>et</strong></span> <span class='ocrx_word' id='word_1_50' title='bbox 544 665 624 735; x_wconf 91' lang='lat' dir='ltr'><strong>primi</strong></span> <span class='ocrx_word' id='word_1_51' title='bbox 635 664 831 728; x_wconf 77' lang='lat' dir='ltr'>centurionum,</span> <span class='ocrx_word' id='word_1_52' title='bbox 841 680 903 718; x_wconf 76' lang='lat' dir='ltr'><strong>mn·</strong></span> <span class='ocrx_word' id='word_1_53' title='bbox 972 721 975 744; x_wconf 54' lang='grc' dir='ltr'>Ι</span> 
     </span>
     <span class='ocr_line' id='line_1_9' title="bbox 108 740 903 810; baseline -0.005 -14"><span class='ocrx_word' id='word_1_54' title='bbox 108 742 169 796; x_wconf 92' lang='lat' dir='ltr'><strong>dida</strong></span> <span class='ocrx_word' id='word_1_55' title='bbox 186 750 270 795; x_wconf 85' lang='lat' dir='ltr'><strong>veste:</strong></span> <span class='ocrx_word' id='word_1_56' title='bbox 292 740 369 793; x_wconf 90' lang='lat' dir='ltr'><strong>ceteri</strong></span> <span class='ocrx_word' id='word_1_57' title='bbox 385 741 459 793; x_wconf 84' lang='lat' dir='ltr'><strong>iuxta</strong></span> <span class='ocrx_word' id='word_1_58' title='bbox 474 757 550 793; x_wconf 86' lang='lat' dir='ltr'><strong>suam</strong></span> <span class='ocrx_word' id='word_1_59' title='bbox 565 741 681 810; x_wconf 89' lang='lat' dir='ltr'><strong>quisque</strong></span> <span class='ocrx_word' id='word_1_60' title='bbox 693 740 850 803; x_wconf 77' lang='lat' dir='ltr'><strong>centuriam,</strong></span> <span class='ocrx_word' id='word_1_61' title='bbox 861 755 903 792; x_wconf 88' lang='lat' dir='ltr'><strong>ar·</strong></span> 
     </span>
     <span class='ocr_line' id='line_1_10' title="bbox 109 813 975 890; baseline -0.003 -18"><span class='ocrx_word' id='word_1_62' title='bbox 109 816 301 886; x_wconf 89' lang='lat' dir='ltr'><strong>misdonisque</strong></span> <span class='ocrx_word' id='word_1_63' title='bbox 311 814 451 887; x_wconf 82' lang='lat' dir='ltr'><strong>fulgentes.</strong></span> <span class='ocrx_word' id='word_1_64' title='bbox 481 815 515 867; x_wconf 88' lang='lat' dir='ltr'><strong>Et</strong></span> <span class='ocrx_word' id='word_1_65' title='bbox 525 813 640 868; x_wconf 90' lang='lat' dir='ltr'><strong>militum</strong></span> <span class='ocrx_word' id='word_1_66' title='bbox 651 813 774 885; x_wconf 87' lang='lat' dir='ltr'><strong>phalerae</strong></span> <span class='ocrx_word' id='word_1_67' title='bbox 783 822 903 887; x_wconf 81' lang='lat' dir='ltr'><strong>torques·</strong></span> <span class='ocrx_word' id='word_1_68' title='bbox 973 873 975 890; x_wconf 18' lang='grc' dir='ltr'>γ</span> 
     </span>
     <span class='ocr_line' id='line_1_11' title="bbox 108 887 903 963; baseline -0.003 -18"><span class='ocrx_word' id='word_1_69' title='bbox 108 909 162 963; x_wconf 91' lang='lat' dir='ltr'><strong>que</strong></span> <span class='ocrx_word' id='word_1_70' title='bbox 176 889 358 960; x_wconf 82' lang='lat' dir='ltr'><strong>splendebant.</strong></span> <span class='ocrx_word' id='word_1_71' title='bbox 398 890 493 943; x_wconf 87' lang='lat' dir='ltr'><strong>Deoora</strong></span> <span class='ocrx_word' id='word_1_72' title='bbox 510 888 598 951; x_wconf 80' lang='lat' dir='ltr'><strong>lanies,</strong></span> <span class='ocrx_word' id='word_1_73' title='bbox 615 898 640 943; x_wconf 90' lang='lat' dir='ltr'><strong>et</strong></span> <span class='ocrx_word' id='word_1_74' title='bbox 652 907 704 944; x_wconf 93' lang='lat' dir='ltr'><strong>non</strong></span> <span class='ocrx_word' id='word_1_75' title='bbox 714 887 820 944; x_wconf 87' lang='lat' dir='ltr'><strong>Vitellio</strong></span> <span class='ocrx_word' id='word_1_76' title='bbox 829 889 903 961; x_wconf 89' lang='lat' dir='ltr'><strong>prin·</strong></span> 
     </span>
     <span class='ocr_line' id='line_1_12' title="bbox 108 963 903 1038; baseline -0.001 -18"><span class='ocrx_word' id='word_1_77' title='bbox 108 967 167 1037; x_wconf 82' lang='lat' dir='ltr'><strong>cipe</strong></span> <span class='ocrx_word' id='word_1_78' title='bbox 176 965 273 1038; x_wconf 84' lang='lat' dir='ltr'><strong>dignus</strong></span> <span class='ocrx_word' id='word_1_79' title='bbox 283 965 424 1018; x_wconf 85' lang='lat' dir='ltr'><strong>exercitus.</strong></span> <span class='ocrx_word' id='word_1_80' title='bbox 446 963 490 1018; x_wconf 86' lang='lat' dir='ltr'><strong>Sin</strong></span> <span class='ocrx_word' id='word_1_81' title='bbox 497 963 656 1035; x_wconf 81' lang='lat' dir='ltr'><strong>Capitolium</strong></span> <span class='ocrx_word' id='word_1_82' title='bbox 668 966 815 1036; x_wconf 82' lang='lat' dir='ltr'><strong>ingressus,</strong></span> <span class='ocrx_word' id='word_1_83' title='bbox 825 972 903 1036; x_wconf 78' lang='lat' dir='ltr'><strong>atqua</strong></span> 
     </span>
     <span class='ocr_line' id='line_1_13' title="bbox 108 1038 864 1111; baseline -0.003 -16"><span class='ocrx_word' id='word_1_84' title='bbox 108 1041 147 1095; x_wconf 91' lang='lat' dir='ltr'><strong>ibi</strong></span> <span class='ocrx_word' id='word_1_85' title='bbox 158 1050 265 1094; x_wconf 84' lang='lat' dir='ltr'><strong>matrem</strong></span> <span class='ocrx_word' id='word_1_86' title='bbox 275 1039 441 1111; x_wconf 76' lang='lat' dir='ltr'><strong>complexus,</strong></span> <span class='ocrx_word' id='word_1_87' title='bbox 455 1038 591 1111; x_wconf 76' lang='lat' dir='ltr'><strong>Augustae</strong></span> <span class='ocrx_word' id='word_1_88' title='bbox 601 1040 708 1094; x_wconf 89' lang='lat' dir='ltr'><strong>nomine</strong></span> <span class='ocrx_word' id='word_1_89' title='bbox 717 1039 864 1093; x_wconf 84' lang='lat' dir='ltr'><strong>bonoravit.</strong></span> 
     </span>
     <span class='ocr_line' id='line_1_14' title="bbox 163 1112 903 1187; baseline 0 -19"><span class='ocrx_word' id='word_1_90' title='bbox 163 1119 203 1168; x_wconf 84' lang='lat'><strong>90.</strong></span> <span class='ocrx_word' id='word_1_91' title='bbox 225 1115 328 1169; x_wconf 90' lang='lat' dir='ltr'><strong>Postera</strong></span> <span class='ocrx_word' id='word_1_92' title='bbox 348 1114 401 1179; x_wconf 91' lang='lat' dir='ltr'><strong>die,</strong></span> <span class='ocrx_word' id='word_1_93' title='bbox 422 1121 558 1187; x_wconf 88' lang='lat' dir='ltr'><strong>tamquam</strong></span> <span class='ocrx_word' id='word_1_94' title='bbox 579 1114 650 1185; x_wconf 88' lang='lat' dir='ltr'><strong>apud</strong></span> <span class='ocrx_word' id='word_1_95' title='bbox 668 1115 777 1168; x_wconf 89' lang='lat' dir='ltr'><strong>alterius</strong></span> <span class='ocrx_word' id='word_1_96' title='bbox 789 1112 903 1168; x_wconf 82' lang='lat' dir='ltr'><strong>civitatis</strong></span> 
     </span>
     <span class='ocr_line' id='line_1_15' title="bbox 108 1189 975 1262; baseline -0.003 -16"><span class='ocrx_word' id='word_1_97' title='bbox 108 1200 229 1246; x_wconf 84' lang='lat' dir='ltr'><strong>senatum</strong></span> <span class='ocrx_word' id='word_1_98' title='bbox 248 1189 447 1262; x_wconf 84' lang='lat' dir='ltr'><strong>populumque,</strong></span> <span class='ocrx_word' id='word_1_99' title='bbox 469 1189 636 1262; x_wconf 82' lang='lat' dir='ltr'><strong>magnificam</strong></span> <span class='ocrx_word' id='word_1_100' title='bbox 655 1191 798 1244; x_wconf 90' lang='lat' dir='ltr'><strong>orationem</strong></span> <span class='ocrx_word' id='word_1_101' title='bbox 814 1189 848 1244; x_wconf 86' lang='lat' dir='ltr'><strong>de</strong></span> <span class='ocrx_word' id='word_1_102' title='bbox 861 1204 904 1243; x_wconf 83' lang='lat' dir='ltr'><strong>sa-</strong></span> <span class='ocrx_word' id='word_1_103' title='bbox 974 1239 975 1256; x_wconf 67' lang='lat'><strong>,</strong></span> 
     </span>
     <span class='ocr_line' id='line_1_16' title="bbox 108 1265 975 1337; baseline -0.002 -16"><span class='ocrx_word' id='word_1_104' title='bbox 108 1268 221 1336; x_wconf 84' lang='lat' dir='ltr'><strong>metipso</strong></span> <span class='ocrx_word' id='word_1_105' title='bbox 235 1268 374 1336; x_wconf 78' lang='lat' dir='ltr'><strong>prompsit,</strong></span> <span class='ocrx_word' id='word_1_106' title='bbox 391 1265 550 1319; x_wconf 87' lang='lat' dir='ltr'><strong>industriam</strong></span> <span class='ocrx_word' id='word_1_107' title='bbox 563 1265 817 1337; x_wconf 86' lang='lat' dir='ltr'><strong>temperantiamque</strong></span> <span class='ocrx_word' id='word_1_108' title='bbox 825 1280 904 1319; x_wconf 86' lang='lat' dir='ltr'><strong>suam</strong></span> <span class='ocrx_word' id='word_1_109' title='bbox 974 1273 975 1326; x_wconf 70' lang='grc' dir='ltr'>ἶ</span> 
     </span>
     <span class='ocr_line' id='line_1_17' title="bbox 109 1337 975 1414; baseline -0.001 -19"><span class='ocrx_word' id='word_1_110' title='bbox 109 1341 234 1396; x_wconf 88' lang='lat' dir='ltr'><strong>laudibus</strong></span> <span class='ocrx_word' id='word_1_111' title='bbox 248 1341 390 1395; x_wconf 84' lang='lat' dir='ltr'><strong>adtollens:</strong></span> <span class='ocrx_word' id='word_1_112' title='bbox 411 1341 524 1394; x_wconf 86' lang='lat' dir='ltr'><strong>consciis</strong></span> <span class='ocrx_word' id='word_1_113' title='bbox 538 1338 698 1412; x_wconf 81' lang='lat' dir='ltr'><strong>flagitiorum</strong></span> <span class='ocrx_word' id='word_1_114' title='bbox 708 1340 785 1410; x_wconf 91' lang='lat' dir='ltr'><strong>ipsis,</strong></span> <span class='ocrx_word' id='word_1_115' title='bbox 796 1341 845 1412; x_wconf 95' lang='lat' dir='ltr'><strong>qui</strong></span> <span class='ocrx_word' id='word_1_116' title='bbox 857 1337 905 1394; x_wconf 83' lang='lat' dir='ltr'><strong>ud-</strong></span> <span class='ocrx_word' id='word_1_117' title='bbox 974 1405 975 1414; x_wconf 10' lang='grc' dir='ltr'>ἵ</span> 
     </span>
     <span class='ocr_line' id='line_1_18' title="bbox 108 1414 904 1487; baseline -0.003 -16"><span class='ocrx_word' id='word_1_118' title='bbox 108 1424 190 1480; x_wconf 86' lang='lat' dir='ltr'><strong>erant,</strong></span> <span class='ocrx_word' id='word_1_119' title='bbox 202 1418 329 1487; x_wconf 88' lang='lat' dir='ltr'><strong>omnique</strong></span> <span class='ocrx_word' id='word_1_120' title='bbox 342 1415 422 1479; x_wconf 89' lang='lat' dir='ltr'><strong>ltalia,</strong></span> <span class='ocrx_word' id='word_1_121' title='bbox 436 1432 483 1486; x_wconf 87' lang='lat' dir='ltr'><strong>per</strong></span> <span class='ocrx_word' id='word_1_122' title='bbox 493 1432 574 1486; x_wconf 88' lang='lat' dir='ltr'><strong>quam</strong></span> <span class='ocrx_word' id='word_1_123' title='bbox 585 1431 679 1468; x_wconf 87' lang='lat' dir='ltr'><strong>somno</strong></span> <span class='ocrx_word' id='word_1_124' title='bbox 689 1422 713 1467; x_wconf 93' lang='lat' dir='ltr'><strong>et</strong></span> <span class='ocrx_word' id='word_1_125' title='bbox 723 1414 790 1469; x_wconf 83' lang='lat' dir='ltr'><strong>luxu</strong></span> <span class='ocrx_word' id='word_1_126' title='bbox 800 1414 904 1487; x_wconf 86' lang='lat' dir='ltr'><strong>puden·</strong></span> 
     </span>
     <span class='ocr_line' id='line_1_19' title="bbox 108 1489 905 1562; baseline -0.003 -16"><span class='ocrx_word' id='word_1_127' title='bbox 108 1492 159 1546; x_wconf 91' lang='lat' dir='ltr'><strong>dus</strong></span> <span class='ocrx_word' id='word_1_128' title='bbox 170 1493 320 1546; x_wconf 83' lang='lat' dir='ltr'><strong>incesserat.</strong></span> <span class='ocrx_word' id='word_1_129' title='bbox 360 1489 465 1562; x_wconf 80' lang='lat' dir='ltr'><strong>Vulgus</strong></span> <span class='ocrx_word' id='word_1_130' title='bbox 478 1497 576 1553; x_wconf 92' lang='lat' dir='ltr'><strong>tamen,</strong></span> <span class='ocrx_word' id='word_1_131' title='bbox 589 1507 702 1544; x_wconf 86' lang='lat' dir='ltr'><strong>vacnum</strong></span> <span class='ocrx_word' id='word_1_132' title='bbox 716 1490 798 1550; x_wconf 83' lang='lat' dir='ltr'><strong>euris,</strong></span> <span class='ocrx_word' id='word_1_133' title='bbox 810 1499 836 1544; x_wconf 90' lang='lat' dir='ltr'><strong>et</strong></span> <span class='ocrx_word' id='word_1_134' title='bbox 846 1490 905 1545; x_wconf 79' lang='lat' dir='ltr'><strong>sina</strong></span> 
     </span>
     <span class='ocr_line' id='line_1_20' title="bbox 108 1563 902 1637; baseline 0 -17"><span class='ocrx_word' id='word_1_135' title='bbox 108 1566 167 1621; x_wconf 86' lang='lat' dir='ltr'><strong>lalsi</strong></span> <span class='ocrx_word' id='word_1_136' title='bbox 188 1567 298 1637; x_wconf 88' lang='lat' dir='ltr'><strong>verique</strong></span> <span class='ocrx_word' id='word_1_137' title='bbox 317 1566 471 1619; x_wconf 88' lang='lat' dir='ltr'><strong>discrimina</strong></span> <span class='ocrx_word' id='word_1_138' title='bbox 490 1563 581 1618; x_wconf 87' lang='lat' dir='ltr'><strong>solitas</strong></span> <span class='ocrx_word' id='word_1_139' title='bbox 594 1563 756 1618; x_wconf 88' lang='lat' dir='ltr'><strong>adulationes</strong></span> <span class='ocrx_word' id='word_1_140' title='bbox 770 1564 902 1631; x_wconf 76' lang='lat' dir='ltr'><strong>edoctum,</strong></span> 
     </span>
     <span class='ocr_line' id='line_1_21' title="bbox 108 1639 905 1711; baseline -0.001 -15"><span class='ocrx_word' id='word_1_141' title='bbox 108 1640 222 1696; x_wconf 84' lang='lat' dir='ltr'><strong>clamore</strong></span> <span class='ocrx_word' id='word_1_142' title='bbox 240 1649 265 1694; x_wconf 92' lang='lat' dir='ltr'><strong>et</strong></span> <span class='ocrx_word' id='word_1_143' title='bbox 280 1640 390 1694; x_wconf 88' lang='lat' dir='ltr'><strong>vocibus</strong></span> <span class='ocrx_word' id='word_1_144' title='bbox 409 1639 587 1710; x_wconf 83' lang='lat' dir='ltr'><strong>adstrepebat:</strong></span> <span class='ocrx_word' id='word_1_145' title='bbox 608 1639 788 1711; x_wconf 89' lang='lat' dir='ltr'><strong>abnuentique</strong></span> <span class='ocrx_word' id='word_1_146' title='bbox 806 1656 905 1695; x_wconf 80' lang='lat' dir='ltr'><strong>noman</strong></span> 
     </span>
     <span class='ocr_line' id='line_1_22' title="bbox 108 1713 903 1787; baseline 0.001 -18"><span class='ocrx_word' id='word_1_147' title='bbox 108 1718 225 1782; x_wconf 75' lang='lat' dir='ltr'><strong>Anpuati,</strong></span> <span class='ocrx_word' id='word_1_148' title='bbox 237 1730 399 1786; x_wconf 84' lang='lat' dir='ltr'><strong>expressere,</strong></span> <span class='ocrx_word' id='word_1_149' title='bbox 414 1722 443 1768; x_wconf 91' lang='lat' dir='ltr'><strong>ut</strong></span> <span class='ocrx_word' id='word_1_150' title='bbox 453 1714 616 1768; x_wconf 86' lang='lat' dir='ltr'><strong>adsumeret:</strong></span> <span class='ocrx_word' id='word_1_151' title='bbox 639 1721 692 1768; x_wconf 88' lang='lat' dir='ltr'><strong>tam</strong></span> <span class='ocrx_word' id='word_1_152' title='bbox 703 1713 809 1780; x_wconf 78' lang='lat' dir='ltr'><strong>frustra,</strong></span> <span class='ocrx_word' id='word_1_153' title='bbox 821 1731 903 1787; x_wconf 83' lang='lat' dir='ltr'><strong>quarn</strong></span> 
     </span>
     <span class='ocr_line' id='line_1_23' title="bbox 109 1798 283 1844; baseline -0.006 0"><span class='ocrx_word' id='word_1_154' title='bbox 109 1798 283 1844; x_wconf 84' lang='lat' dir='ltr'><strong>recusaverat.</strong></span> 
     </span>
     <span class='ocr_line' id='line_1_24' title="bbox 164 1862 906 1936; baseline 0.004 -18"><span class='ocrx_word' id='word_1_155' title='bbox 164 1867 206 1919; x_wconf 80' lang='lat' dir='ltr'><strong>at.</strong></span> <span class='ocrx_word' id='word_1_156' title='bbox 227 1863 306 1935; x_wconf 79' lang='lat' dir='ltr'><strong>Apud</strong></span> <span class='ocrx_word' id='word_1_157' title='bbox 315 1863 458 1928; x_wconf 82' lang='lat' dir='ltr'><strong>civitatem,</strong></span> <span class='ocrx_word' id='word_1_158' title='bbox 468 1872 561 1919; x_wconf 88' lang='lat' dir='ltr'><strong>cuncta</strong></span> <span class='ocrx_word' id='word_1_159' title='bbox 571 1865 794 1936; x_wconf 86' lang='lat' dir='ltr'><strong>interpretantem,</strong></span> <span class='ocrx_word' id='word_1_160' title='bbox 806 1862 906 1921; x_wconf 83' lang='lat' dir='ltr'><strong>funesti</strong></span> 
     </span>
    </p>

    <p class='ocr_par' dir='ltr' id='par_1_3' title="bbox 107 1939 975 2463">
     <span class='ocr_line' id='line_1_25' title="bbox 108 1939 975 2012; baseline -0.001 -16"><span class='ocrx_word' id='word_1_161' title='bbox 108 1940 206 1996; x_wconf 90' lang='lat' dir='ltr'><strong>ominis</strong></span> <span class='ocrx_word' id='word_1_162' title='bbox 221 1939 276 1995; x_wconf 90' lang='lat' dir='ltr'><strong>looo</strong></span> <span class='ocrx_word' id='word_1_163' title='bbox 290 1946 426 2009; x_wconf 85' lang='lat' dir='ltr'><strong>acceptum</strong></span> <span class='ocrx_word' id='word_1_164' title='bbox 440 1948 489 2005; x_wconf 90' lang='lat' dir='ltr'><strong>est,</strong></span> <span class='ocrx_word' id='word_1_165' title='bbox 510 1940 591 2012; x_wconf 84' lang='lat' dir='ltr'><strong>quod,</strong></span> <span class='ocrx_word' id='word_1_166' title='bbox 606 1940 754 1994; x_wconf 85' lang='lat' dir='ltr'><strong>maximum</strong></span> <span class='ocrx_word' id='word_1_167' title='bbox 767 1940 907 2010; x_wconf 81' lang='lat' dir='ltr'><strong>pontilian-</strong></span> <span class='ocrx_word' id='word_1_168' title='bbox 973 1989 975 2006; x_wconf 76' lang='grc'>,</span> 
     </span>
     <span class='ocr_line' id='line_1_26' title="bbox 107 2014 903 2086; baseline -0.001 -16"><span class='ocrx_word' id='word_1_169' title='bbox 107 2023 167 2070; x_wconf 88' lang='lat' dir='ltr'><strong>tum</strong></span> <span class='ocrx_word' id='word_1_170' title='bbox 176 2016 295 2086; x_wconf 90' lang='lat' dir='ltr'><strong>adeptus,</strong></span> <span class='ocrx_word' id='word_1_171' title='bbox 303 2014 425 2069; x_wconf 88' lang='lat' dir='ltr'><strong>Vitellius</strong></span> <span class='ocrx_word' id='word_1_172' title='bbox 435 2014 467 2070; x_wconf 90' lang='lat' dir='ltr'><strong>de</strong></span> <span class='ocrx_word' id='word_1_173' title='bbox 475 2017 646 2070; x_wconf 86' lang='lat' dir='ltr'><strong>caeremoniis</strong></span> <span class='ocrx_word' id='word_1_174' title='bbox 655 2014 837 2085; x_wconf 88' lang='lat' dir='ltr'><strong>publicisXV.</strong></span> <span class='ocrx_word' id='word_1_175' title='bbox 844 2014 903 2069; x_wconf 84' lang='lat' dir='ltr'><strong>Kal.</strong></span> 
     </span>
     <span class='ocr_line' id='line_1_27' title="bbox 108 2087 906 2163; baseline 0.001 -19"><span class='ocrx_word' id='word_1_176' title='bbox 108 2090 178 2163; x_wconf 79' lang='lat' dir='ltr'><strong>Aug.</strong></span> <span class='ocrx_word' id='word_1_177' title='bbox 191 2090 325 2153; x_wconf 68' lang='lat' dir='ltr'><strong>elisisset,</strong></span> <span class='ocrx_word' id='word_1_178' title='bbox 338 2091 486 2162; x_wconf 88' lang='lat' dir='ltr'><strong>antiquitus</strong></span> <span class='ocrx_word' id='word_1_179' title='bbox 500 2089 615 2144; x_wconf 81' lang='lat' dir='ltr'><strong>infausto</strong></span> <span class='ocrx_word' id='word_1_180' title='bbox 628 2090 671 2144; x_wconf 90' lang='lat' dir='ltr'><strong>die</strong></span> <span class='ocrx_word' id='word_1_181' title='bbox 682 2087 848 2144; x_wconf 87' lang='lat' dir='ltr'><strong>Cremerensi</strong></span> <span class='ocrx_word' id='word_1_182' title='bbox 858 2090 906 2145; x_wconf 77' lang='lat' dir='ltr'><strong>nt-</strong></span> 
     </span>
     <span class='ocr_line' id='line_1_28' title="bbox 109 2164 905 2238; baseline 0.001 -19"><span class='ocrx_word' id='word_1_183' title='bbox 109 2165 240 2238; x_wconf 91' lang='lat' dir='ltr'><strong>liensique</strong></span> <span class='ocrx_word' id='word_1_184' title='bbox 262 2165 392 2219; x_wconf 89' lang='lat' dir='ltr'><strong>cladibus.</strong></span> <span class='ocrx_word' id='word_1_185' title='bbox 432 2165 505 2219; x_wconf 81' lang='lat' dir='ltr'><strong>Adeo</strong></span> <span class='ocrx_word' id='word_1_186' title='bbox 527 2166 615 2220; x_wconf 90' lang='lat' dir='ltr'><strong>omnis</strong></span> <span class='ocrx_word' id='word_1_187' title='bbox 633 2164 745 2218; x_wconf 90' lang='lat' dir='ltr'><strong>humani</strong></span> <span class='ocrx_word' id='word_1_188' title='bbox 764 2165 905 2238; x_wconf 79' lang='lat' dir='ltr'><strong>divinique</strong></span> 
     </span>
     <span class='ocr_line' id='line_1_29' title="bbox 109 2240 904 2313; baseline -0.003 -17"><span class='ocrx_word' id='word_1_189' title='bbox 109 2242 177 2296; x_wconf 92' lang='lat' dir='ltr'><strong>iuris</strong></span> <span class='ocrx_word' id='word_1_190' title='bbox 195 2258 299 2313; x_wconf 90' lang='lat' dir='ltr'><strong>expers,</strong></span> <span class='ocrx_word' id='word_1_191' title='bbox 320 2241 378 2312; x_wconf 87' lang='lat' dir='ltr'><strong>pari</strong></span> <span class='ocrx_word' id='word_1_192' title='bbox 398 2240 551 2294; x_wconf 89' lang='lat' dir='ltr'><strong>libertorum</strong></span> <span class='ocrx_word' id='word_1_193' title='bbox 566 2241 766 2311; x_wconf 76' lang='lat' dir='ltr'><strong>amicorumque</strong></span> <span class='ocrx_word' id='word_1_194' title='bbox 774 2241 904 2305; x_wconf 80' lang='lat' dir='ltr'><strong>sooordia,</strong></span> 
     </span>
     <span class='ocr_line' id='line_1_30' title="bbox 109 2313 905 2387; baseline -0.001 -17"><span class='ocrx_word' id='word_1_195' title='bbox 109 2316 183 2371; x_wconf 89' lang='lat' dir='ltr'><strong>velut</strong></span> <span class='ocrx_word' id='word_1_196' title='bbox 195 2318 263 2372; x_wconf 90' lang='lat' dir='ltr'><strong>inter</strong></span> <span class='ocrx_word' id='word_1_197' title='bbox 277 2315 434 2370; x_wconf 87' lang='lat' dir='ltr'><strong>temulentos</strong></span> <span class='ocrx_word' id='word_1_198' title='bbox 443 2313 544 2387; x_wconf 83' lang='lat' dir='ltr'><strong>agebat.</strong></span> <span class='ocrx_word' id='word_1_199' title='bbox 584 2313 635 2368; x_wconf 88' lang='lat' dir='ltr'><strong>Sed</strong></span> <span class='ocrx_word' id='word_1_200' title='bbox 645 2316 749 2369; x_wconf 91' lang='lat' dir='ltr'><strong>oomitia</strong></span> <span class='ocrx_word' id='word_1_201' title='bbox 761 2315 905 2371; x_wconf 84' lang='lat' dir='ltr'><strong>consulum</strong></span> 
     </span>
     <span class='ocr_line' id='line_1_31' title="bbox 109 2388 906 2463; baseline -0.001 -17"><span class='ocrx_word' id='word_1_202' title='bbox 109 2409 171 2446; x_wconf 88' lang='lat' dir='ltr'><strong>oum</strong></span> <span class='ocrx_word' id='word_1_203' title='bbox 182 2391 327 2446; x_wconf 82' lang='lat' dir='ltr'><strong>candidatis</strong></span> <span class='ocrx_word' id='word_1_204' title='bbox 337 2390 450 2444; x_wconf 89' lang='lat' dir='ltr'><strong>civiliter</strong></span> <span class='ocrx_word' id='word_1_205' title='bbox 459 2388 605 2454; x_wconf 76' lang='lat' dir='ltr'><strong>celebrans,</strong></span> <span class='ocrx_word' id='word_1_206' title='bbox 613 2407 719 2445; x_wconf 91' lang='lat' dir='ltr'><strong>omnem</strong></span> <span class='ocrx_word' id='word_1_207' title='bbox 730 2391 839 2446; x_wconf 87' lang='lat' dir='ltr'><strong>intimae</strong></span> <span class='ocrx_word' id='word_1_208' title='bbox 848 2391 906 2463; x_wconf 83' lang='lat' dir='ltr'><strong>ple-</strong></span> 
     </span>
    </p>

    <p class='ocr_par' dir='ltr' id='par_1_4' title="bbox 97 2465 908 2536">
     <span class='ocr_line' id='line_1_32' title="bbox 97 2465 908 2536; baseline -0.001 -17"><span class='ocrx_word' id='word_1_209' title='bbox 97 2466 146 2519; x_wconf 83' lang='lat' dir='ltr'><strong>bis</strong></span> <span class='ocrx_word' id='word_1_210' title='bbox 153 2484 302 2533; x_wconf 83' lang='lat' dir='ltr'><strong>rumorem,</strong></span> <span class='ocrx_word' id='word_1_211' title='bbox 315 2466 344 2522; x_wconf 92' lang='lat' dir='ltr'><strong>in</strong></span> <span class='ocrx_word' id='word_1_212' title='bbox 355 2465 457 2521; x_wconf 87' lang='lat' dir='ltr'><strong>theatro</strong></span> <span class='ocrx_word' id='word_1_213' title='bbox 466 2471 497 2520; x_wconf 90' lang='lat' dir='ltr'><strong>ut</strong></span> <span class='ocrx_word' id='word_1_214' title='bbox 506 2467 685 2536; x_wconf 58' lang='lat' dir='ltr'><strong>spectamina</strong></span> <span class='ocrx_word' id='word_1_215' title='bbox 692 2467 763 2518; x_wconf 79' lang='lat' dir='ltr'><strong>eiroo</strong></span> <span class='ocrx_word' id='word_1_216' title='bbox 768 2465 908 2528; x_wconf 76' lang='lat' dir='ltr'><strong>utiautor,</strong></span> 
     </span>
    </p>

    <p class='ocr_par' dir='ltr' id='par_1_5' title="bbox 82 2536 926 2620">
     <span class='ocr_line' id='line_1_33' title="bbox 82 2536 926 2620; baseline -0.007 -30"><span class='ocrx_word' id='word_1_217' title='bbox 82 2539 241 2597; x_wconf 74' lang='lat' dir='ltr'><strong>addaetnvit.</strong></span> <span class='ocrx_word' id='word_1_218' title='bbox 289 2542 378 2611; x_wconf 85' lang='lat' dir='ltr'><strong>Quae,</strong></span> <span class='ocrx_word' id='word_1_219' title='bbox 389 2550 469 2620; x_wconf 81' lang='lat' dir='ltr'><strong>grata</strong></span> <span class='ocrx_word' id='word_1_220' title='bbox 479 2558 548 2599; x_wconf 84' lang='lat' dir='ltr'><strong>sane</strong></span> <span class='ocrx_word' id='word_1_221' title='bbox 557 2549 584 2596; x_wconf 86' lang='lat' dir='ltr'><strong>et</strong></span> <span class='ocrx_word' id='word_1_222' title='bbox 592 2538 750 2612; x_wconf 77' lang='lat' dir='ltr'><strong>popularia,</strong></span> <span class='ocrx_word' id='word_1_223' title='bbox 757 2536 926 2586; x_wconf 60' lang='lat' dir='ltr'><strong>exeuntum-</strong></span> 
     </span>
    </p>

    <p class='ocr_par' dir='ltr' id='par_1_6' title="bbox 64 2603 948 2692">
     <span class='ocr_line' id='line_1_34' title="bbox 64 2603 948 2692; baseline -0.015 -19"><span class='ocrx_word' id='word_1_224' title='bbox 64 2608 129 2666; x_wconf 68' lang='lat' dir='ltr'><strong>lma</strong></span> <span class='ocrx_word' id='word_1_225' title='bbox 135 2619 412 2692; x_wconf 78' lang='lat' dir='ltr'><strong>prodaiscerentur,</strong></span> <span class='ocrx_word' id='word_1_226' title='bbox 429 2618 576 2678; x_wconf 77' lang='lat' dir='ltr'><strong>memoria</strong></span> <span class='ocrx_word' id='word_1_227' title='bbox 582 2618 663 2674; x_wconf 78' lang='lat' dir='ltr'><strong>uitae</strong></span> <span class='ocrx_word' id='word_1_228' title='bbox 668 2609 774 2686; x_wconf 80' lang='lat' dir='ltr'><strong>prioris</strong></span> <span class='ocrx_word' id='word_1_229' title='bbox 779 2603 948 2657; x_wconf 61' lang='lat' dir='ltr'><strong>inuenerem</strong></span> 
     </span>
    </p>
   </div>
   <div class='ocr_carea' id='block_1_3' title="bbox 973 784 976 1489">
    <p class='ocr_par' dir='ltr' id='par_1_7' title="bbox 973 784 976 1489">
     <span class='ocr_line' id='line_1_35' title="bbox 973 784 976 1489; baseline 0 0"><span class='ocrx_word' id='word_1_230' title='bbox 973 784 976 1489; x_wconf 95' lang='lat' dir='ltr'><strong> </strong></span> 
     </span>
    </p>
   </div>
   <div class='ocr_carea' id='block_1_4' title="bbox 0 0 983 3016">
    <p class='ocr_par' dir='ltr' id='par_1_8' title="bbox 0 0 983 3016">
     <span class='ocr_line' id='line_1_36' title="bbox 0 0 983 3016; baseline 0 0"><span class='ocrx_word' id='word_1_231' title='bbox 0 0 983 3016; x_wconf 95' lang='lat' dir='ltr'><strong> </strong></span> 
     </span>
    </p>
   </div>
  </div>
 </body>
</html>
