<?xml version="1.0" encoding="UTF-8"?>
<!DOCTYPE html PUBLIC "-//W3C//DTD XHTML 1.0 Transitional//EN"
    "http://www.w3.org/TR/xhtml1/DTD/xhtml1-transitional.dtd">
<html xmlns="http://www.w3.org/1999/xhtml" xml:lang="en" lang="en">
 <head>
  <title>
</title>
<meta http-equiv="Content-Type" content="text/html;charset=utf-8" />
  <meta name='ocr-system' content='tesseract 3.04.00' />
  <meta name='ocr-capabilities' content='ocr_page ocr_carea ocr_par ocr_line ocrx_word'/>
</head>
<body>
  <div class='ocr_page' id='page_1' title='image "./ccorneliitaciti00weisgoog_0279.png"; bbox 0 0 1950 3016; ppageno 0'>
   <div class='ocr_carea' id='block_1_1' title="bbox 136 188 730 245">
    <p class='ocr_par' dir='ltr' id='par_1_1' title="bbox 136 188 730 245">
     <span class='ocr_line' id='line_1_1' title="bbox 136 188 730 245; baseline -0.017 0"><span class='ocrx_word' id='word_1_1' title='bbox 136 188 188 245; x_wconf 76' lang='lat' dir='ltr'>m</span> <span class='ocrx_word' id='word_1_2' title='bbox 337 192 367 241; x_wconf 74' lang='grc' dir='ltr'>α</span> <span class='ocrx_word' id='word_1_3' title='bbox 385 192 577 239; x_wconf 69' lang='lat' dir='ltr'>conanum</span> <span class='ocrx_word' id='word_1_4' title='bbox 593 190 730 238; x_wconf 75' lang='lat' dir='ltr'>&#39;raom</span> 
     </span>
    </p>
   </div>
   <div class='ocr_carea' id='block_1_2' title="bbox 135 288 974 2310">
    <p class='ocr_par' dir='ltr' id='par_1_2' title="bbox 135 288 974 1713">
     <span class='ocr_line' id='line_1_2' title="bbox 191 288 929 367; baseline -0.008 -18"><span class='ocrx_word' id='word_1_5' title='bbox 191 297 219 349; x_wconf 91' lang='lat' dir='ltr'>&#39;l.</span> <span class='ocrx_word' id='word_1_6' title='bbox 238 292 361 366; x_wconf 57' lang='lat' dir='ltr'>Quone</span> <span class='ocrx_word' id='word_1_7' title='bbox 373 312 462 349; x_wconf 75' lang='lat' dir='ltr'>mnus</span> <span class='ocrx_word' id='word_1_8' title='bbox 472 295 550 367; x_wconf 77' lang='lat' dir='ltr'>gnri</span> <span class='ocrx_word' id='word_1_9' title='bbox 558 293 672 348; x_wconf 65' lang='lat' dir='ltr'>vulnus</span> <span class='ocrx_word' id='word_1_10' title='bbox 678 292 803 348; x_wconf 81' lang='lat' dir='ltr'>animant</span> <span class='ocrx_word' id='word_1_11' title='bbox 811 288 929 345; x_wconf 70' lang='lat' dir='ltr'>moun</span> 
     </span>
     <span class='ocr_line' id='line_1_3' title="bbox 135 366 930 443; baseline -0.01 -18"><span class='ocrx_word' id='word_1_12' title='bbox 135 368 380 443; x_wconf 79' lang='lat' dir='ltr'>queeiusarlllixit.</span> <span class='ocrx_word' id='word_1_13' title='bbox 418 370 488 423; x_wconf 79' lang='lat' dir='ltr'>Nam</span> <span class='ocrx_word' id='word_1_14' title='bbox 496 368 592 424; x_wconf 81' lang='lat' dir='ltr'>elassis</span> <span class='ocrx_word' id='word_1_15' title='bbox 600 368 760 431; x_wconf 65' lang='lat' dir='ltr'>othniam,</span> <span class='ocrx_word' id='word_1_16' title='bbox 772 366 879 421; x_wconf 84' lang='lat' dir='ltr'>licenter</span> <span class='ocrx_word' id='word_1_17' title='bbox 888 381 930 417; x_wconf 80' lang='lat' dir='ltr'>va·</span> 
     </span>
     <span class='ocr_line' id='line_1_4' title="bbox 173 442 931 517; baseline -0.008 -17"><span class='ocrx_word' id='word_1_18' title='bbox 173 445 258 509; x_wconf 82' lang='lat' dir='ltr'>,tium</span> <span class='ocrx_word' id='word_1_19' title='bbox 272 445 422 499; x_wconf 81' lang='lat' dir='ltr'>lntemelios</span> <span class='ocrx_word' id='word_1_20' title='bbox 433 446 569 517; x_wconf 70' lang='lat' dir='ltr'>(Liguriae</span> <span class='ocrx_word' id='word_1_21' title='bbox 581 444 703 516; x_wconf 73' lang='lat' dir='ltr'>passast)</span> <span class='ocrx_word' id='word_1_22' title='bbox 712 442 843 497; x_wconf 69' lang='lat' dir='ltr'>lrostilitoe</span> <span class='ocrx_word' id='word_1_23' title='bbox 851 456 931 511; x_wconf 86' lang='lat' dir='ltr'>popu-</span> 
     </span>
     <span class='ocr_line' id='line_1_5' title="bbox 164 514 929 593; baseline -0.009 -18"><span class='ocrx_word' id='word_1_24' title='bbox 164 528 221 584; x_wconf 85' lang='lat' dir='ltr'>tur,</span> <span class='ocrx_word' id='word_1_25' title='bbox 240 530 352 575; x_wconf 63' lang='lat' dir='ltr'>manem</span> <span class='ocrx_word' id='word_1_26' title='bbox 372 519 511 593; x_wconf 70' lang='lat' dir='ltr'>Agricolae</span> <span class='ocrx_word' id='word_1_27' title='bbox 528 520 556 573; x_wconf 91' lang='lat' dir='ltr'>in</span> <span class='ocrx_word' id='word_1_28' title='bbox 576 519 693 590; x_wconf 83' lang='lat' dir='ltr'>praediis</span> <span class='ocrx_word' id='word_1_29' title='bbox 712 519 773 571; x_wconf 83' lang='lat' dir='ltr'>suis</span> <span class='ocrx_word' id='word_1_30' title='bbox 791 514 929 570; x_wconf 72' lang='lat' dir='ltr'>inoerlccit:</span> 
     </span>
     <span class='ocr_line' id='line_1_6' title="bbox 138 590 930 667; baseline -0.01 -17"><span class='ocrx_word' id='word_1_31' title='bbox 138 596 300 667; x_wconf 61' lang='lat' dir='ltr'>praelique</span> <span class='ocrx_word' id='word_1_32' title='bbox 309 597 367 666; x_wconf 87' lang='lat' dir='ltr'>ipsa</span> <span class='ocrx_word' id='word_1_33' title='bbox 376 604 402 649; x_wconf 88' lang='lat' dir='ltr'>et</span> <span class='ocrx_word' id='word_1_34' title='bbox 411 612 536 667; x_wconf 73' lang='lat' dir='ltr'>magnam</span> <span class='ocrx_word' id='word_1_35' title='bbox 546 595 699 666; x_wconf 72' lang='lat' dir='ltr'>patrimonii</span> <span class='ocrx_word' id='word_1_36' title='bbox 706 590 930 664; x_wconf 84' lang='lat' dir='ltr'>partemdiripuit,</span> 
     </span>
     <span class='ocr_line' id='line_1_7' title="bbox 137 665 931 743; baseline -0.008 -18"><span class='ocrx_word' id='word_1_37' title='bbox 137 688 207 743; x_wconf 84' lang='lat' dir='ltr'>quae</span> <span class='ocrx_word' id='word_1_38' title='bbox 215 669 512 725; x_wconf 69' lang='lat' dir='ltr'>oausmoeedisluerat.</span> <span class='ocrx_word' id='word_1_39' title='bbox 551 671 636 742; x_wconf 78' lang='lat' dir='ltr'>igitur</span> <span class='ocrx_word' id='word_1_40' title='bbox 648 669 683 721; x_wconf 90' lang='lat' dir='ltr'>ad</span> <span class='ocrx_word' id='word_1_41' title='bbox 693 668 824 721; x_wconf 83' lang='lat' dir='ltr'>solemnia</span> <span class='ocrx_word' id='word_1_42' title='bbox 833 665 931 736; x_wconf 56' lang='lat' dir='ltr'>picatis</span> 
     </span>
     <span class='ocr_line' id='line_1_8' title="bbox 137 741 932 819; baseline -0.006 -20"><span class='ocrx_word' id='word_1_43' title='bbox 137 745 271 818; x_wconf 79' lang='lat' dir='ltr'>prolecws</span> <span class='ocrx_word' id='word_1_44' title='bbox 279 745 411 819; x_wconf 72' lang='lat' dir='ltr'>Agricola,</span> <span class='ocrx_word' id='word_1_45' title='bbox 422 746 517 798; x_wconf 90' lang='lat' dir='ltr'>nuntio</span> <span class='ocrx_word' id='word_1_46' title='bbox 526 744 646 798; x_wconf 82' lang='lat' dir='ltr'>adlectati</span> <span class='ocrx_word' id='word_1_47' title='bbox 655 761 670 796; x_wconf 95' lang='lat' dir='ltr'>a</span> <span class='ocrx_word' id='word_1_48' title='bbox 679 743 843 814; x_wconf 72' lang='lat' dir='ltr'>Vespasiano</span> <span class='ocrx_word' id='word_1_49' title='bbox 852 741 932 811; x_wconf 78' lang='lat' dir='ltr'>inopa-</span> 
     </span>
     <span class='ocr_line' id='line_1_9' title="bbox 138 820 931 965; baseline -0.005 -15"><span class='ocrx_word' id='word_1_50' title='bbox 138 820 931 965; x_wconf 44' lang='lat' dir='ltr'>fflifflpgsppppswwtffiffinuffixssmmgm</span> 
     </span>
     <span class='ocr_line' id='line_1_10' title="bbox 137 966 932 1038; baseline -0.006 -15"><span class='ocrx_word' id='word_1_51' title='bbox 137 969 282 1023; x_wconf 76' lang='lat' dir='ltr'><strong>admodum</strong></span> <span class='ocrx_word' id='word_1_52' title='bbox 293 969 390 1023; x_wconf 86' lang='lat' dir='ltr'>iuvene</span> <span class='ocrx_word' id='word_1_53' title='bbox 399 969 556 1032; x_wconf 85' lang='lat' dir='ltr'>Domitiano,</span> <span class='ocrx_word' id='word_1_54' title='bbox 568 978 594 1022; x_wconf 88' lang='lat' dir='ltr'>et</span> <span class='ocrx_word' id='word_1_55' title='bbox 603 986 637 1022; x_wconf 83' lang='lat' dir='ltr'>ex</span> <span class='ocrx_word' id='word_1_56' title='bbox 646 976 755 1038; x_wconf 87' lang='lat' dir='ltr'>paterna</span> <span class='ocrx_word' id='word_1_57' title='bbox 765 966 871 1020; x_wconf 82' lang='lat' dir='ltr'>lortuna</span> <span class='ocrx_word' id='word_1_58' title='bbox 879 974 932 1019; x_wconf 84' lang='lat' dir='ltr'>tan-</span> 
     </span>
     <span class='ocr_line' id='line_1_11' title="bbox 138 1040 932 1113; baseline -0.005 -16"><span class='ocrx_word' id='word_1_59' title='bbox 138 1052 195 1097; x_wconf 89' lang='lat' dir='ltr'>tum</span> <span class='ocrx_word' id='word_1_60' title='bbox 206 1042 339 1097; x_wconf 87' lang='lat' dir='ltr'>licentiam</span> <span class='ocrx_word' id='word_1_61' title='bbox 350 1052 505 1113; x_wconf 72' lang='lat' dir='ltr'>usurpante.</span> <span class='ocrx_word' id='word_1_62' title='bbox 527 1044 553 1096; x_wconf 84' lang='lat' dir='ltr'>ls</span> <span class='ocrx_word' id='word_1_63' title='bbox 562 1044 677 1097; x_wconf 84' lang='lat' dir='ltr'>missum</span> <span class='ocrx_word' id='word_1_64' title='bbox 686 1042 722 1095; x_wconf 85' lang='lat' dir='ltr'>ad</span> <span class='ocrx_word' id='word_1_65' title='bbox 728 1040 849 1095; x_wconf 82' lang='lat' dir='ltr'>delectus</span> <span class='ocrx_word' id='word_1_66' title='bbox 857 1057 932 1113; x_wconf 78' lang='lat' dir='ltr'>agen-</span> 
     </span>
     <span class='ocr_line' id='line_1_12' title="bbox 136 1116 933 1191; baseline -0.004 -20"><span class='ocrx_word' id='word_1_67' title='bbox 136 1118 186 1171; x_wconf 83' lang='lat' dir='ltr'>dos</span> <span class='ocrx_word' id='word_1_68' title='bbox 200 1116 361 1191; x_wconf 76' lang='lat' dir='ltr'>Agricolam,</span> <span class='ocrx_word' id='word_1_69' title='bbox 376 1119 533 1189; x_wconf 81' lang='lat' dir='ltr'>integreque</span> <span class='ocrx_word' id='word_1_70' title='bbox 546 1135 578 1171; x_wconf 91' lang='lat' dir='ltr'>ao</span> <span class='ocrx_word' id='word_1_71' title='bbox 590 1127 699 1171; x_wconf 87' lang='lat' dir='ltr'>strenue</span> <span class='ocrx_word' id='word_1_72' title='bbox 709 1124 856 1179; x_wconf 83' lang='lat' dir='ltr'>versatum,</span> <span class='ocrx_word' id='word_1_73' title='bbox 868 1116 933 1169; x_wconf 82' lang='lat' dir='ltr'>vica-</span> 
     </span>
     <span class='ocr_line' id='line_1_13' title="bbox 136 1191 974 1265; baseline -0.002 -18"><span class='ocrx_word' id='word_1_74' title='bbox 136 1193 222 1247; x_wconf 84' lang='lat' dir='ltr'>simac</span> <span class='ocrx_word' id='word_1_75' title='bbox 244 1191 357 1265; x_wconf 75' lang='lat' dir='ltr'>legioni,</span> <span class='ocrx_word' id='word_1_76' title='bbox 382 1192 454 1246; x_wconf 85' lang='lat' dir='ltr'>tarde</span> <span class='ocrx_word' id='word_1_77' title='bbox 476 1192 509 1245; x_wconf 87' lang='lat' dir='ltr'>ad</span> <span class='ocrx_word' id='word_1_78' title='bbox 528 1200 724 1246; x_wconf 85' lang='lat' dir='ltr'>sacramentum</span> <span class='ocrx_word' id='word_1_79' title='bbox 972 1202 974 1207; x_wconf 85' lang='lat'>&#39;</span> 
     </span>
     <span class='ocr_line' id='line_1_14' title="bbox 138 1264 974 1341; baseline -0.005 -19"><span class='ocrx_word' id='word_1_80' title='bbox 138 1268 299 1341; x_wconf 76' lang='lat' dir='ltr'>praeposuit,</span> <span class='ocrx_word' id='word_1_81' title='bbox 320 1266 368 1321; x_wconf 92' lang='lat' dir='ltr'>ubi</span> <span class='ocrx_word' id='word_1_82' title='bbox 386 1267 509 1322; x_wconf 84' lang='lat' dir='ltr'>decessor</span> <span class='ocrx_word' id='word_1_83' title='bbox 525 1267 649 1321; x_wconf 82' lang='lat' dir='ltr'>seditiose</span> <span class='ocrx_word' id='word_1_84' title='bbox 668 1283 747 1339; x_wconf 83' lang='lat' dir='ltr'>agere</span> <span class='ocrx_word' id='word_1_85' title='bbox 765 1264 931 1319; x_wconf 72' lang='lat' dir='ltr'>narrabatur:</span> <span class='ocrx_word' id='word_1_86' title='bbox 972 1298 974 1305; x_wconf 92' lang='lat'>·</span> 
     </span>
     <span class='ocr_line' id='line_1_15' title="bbox 136 1338 933 1490; baseline -0.005 -18"><span class='ocrx_word' id='word_1_87' title='bbox 136 1338 933 1490; x_wconf 47' lang='lat' dir='ltr'>titttltqt‘sstltttttttttttttlttt</span> 
     </span>
     <span class='ocr_line' id='line_1_16' title="bbox 137 1491 933 1563; baseline -0.004 -16"><span class='ocrx_word' id='word_1_88' title='bbox 137 1501 206 1557; x_wconf 89' lang='lat' dir='ltr'>teos,</span> <span class='ocrx_word' id='word_1_89' title='bbox 218 1494 360 1555; x_wconf 87' lang='lat' dir='ltr'>incertum,</span> <span class='ocrx_word' id='word_1_90' title='bbox 376 1509 425 1546; x_wconf 90' lang='lat' dir='ltr'>suo</span> <span class='ocrx_word' id='word_1_91' title='bbox 438 1510 473 1545; x_wconf 89' lang='lat' dir='ltr'>an</span> <span class='ocrx_word' id='word_1_92' title='bbox 483 1491 600 1545; x_wconf 90' lang='lat' dir='ltr'>militum</span> <span class='ocrx_word' id='word_1_93' title='bbox 612 1491 733 1563; x_wconf 79' lang='lat' dir='ltr'>ingenio:</span> <span class='ocrx_word' id='word_1_94' title='bbox 753 1491 790 1543; x_wconf 87' lang='lat' dir='ltr'>ita</span> <span class='ocrx_word' id='word_1_95' title='bbox 800 1504 933 1545; x_wconf 69' lang='lat' dir='ltr'>successo</span> 
     </span>
     <span class='ocr_line' id='line_1_17' title="bbox 137 1562 934 1634; baseline -0.004 -13"><span class='ocrx_word' id='word_1_96' title='bbox 137 1566 230 1631; x_wconf 88' lang='lat' dir='ltr'>simul,</span> <span class='ocrx_word' id='word_1_97' title='bbox 246 1575 272 1620; x_wconf 87' lang='lat' dir='ltr'>et</span> <span class='ocrx_word' id='word_1_98' title='bbox 285 1567 355 1621; x_wconf 88' lang='lat' dir='ltr'>ultor</span> <span class='ocrx_word' id='word_1_99' title='bbox 369 1566 478 1634; x_wconf 83' lang='lat' dir='ltr'>electus,</span> <span class='ocrx_word' id='word_1_100' title='bbox 495 1567 632 1620; x_wconf 88' lang='lat' dir='ltr'>rarissima</span> <span class='ocrx_word' id='word_1_101' title='bbox 642 1565 832 1630; x_wconf 74' lang='lat' dir='ltr'>moderatione,</span> <span class='ocrx_word' id='word_1_102' title='bbox 843 1562 934 1619; x_wconf 66' lang='lat' dir='ltr'>maltffl</span> 
     </span>
     <span class='ocr_line' id='line_1_18' title="bbox 138 1639 679 1713; baseline -0.002 -18"><span class='ocrx_word' id='word_1_103' title='bbox 138 1642 223 1697; x_wconf 82' lang='lat' dir='ltr'>videri</span> <span class='ocrx_word' id='word_1_104' title='bbox 233 1642 369 1696; x_wconf 87' lang='lat' dir='ltr'>invenisse</span> <span class='ocrx_word' id='word_1_105' title='bbox 379 1642 472 1706; x_wconf 73' lang='lat' dir='ltr'>lonca,</span> <span class='ocrx_word' id='word_1_106' title='bbox 483 1658 565 1713; x_wconf 85' lang='lat' dir='ltr'>quam</span> <span class='ocrx_word' id='word_1_107' title='bbox 576 1639 679 1695; x_wconf 79' lang='lat' dir='ltr'>iecisse.</span> 
     </span>
    </p>

    <p class='ocr_par' dir='ltr' id='par_1_3' title="bbox 137 1712 974 2310">
     <span class='ocr_line' id='line_1_19' title="bbox 192 1712 935 1786; baseline 0 -19"><span class='ocrx_word' id='word_1_108' title='bbox 192 1719 218 1769; x_wconf 80' lang='lat'>8.</span> <span class='ocrx_word' id='word_1_109' title='bbox 240 1716 359 1769; x_wconf 86' lang='lat' dir='ltr'>Praeerat</span> <span class='ocrx_word' id='word_1_110' title='bbox 368 1723 433 1770; x_wconf 85' lang='lat' dir='ltr'>tunc</span> <span class='ocrx_word' id='word_1_111' title='bbox 441 1717 592 1770; x_wconf 83' lang='lat' dir='ltr'>Britanniae</span> <span class='ocrx_word' id='word_1_112' title='bbox 601 1716 704 1770; x_wconf 83' lang='lat' dir='ltr'>Vettius</span> <span class='ocrx_word' id='word_1_113' title='bbox 715 1713 843 1779; x_wconf 77' lang='lat' dir='ltr'>Bolanus,</span> <span class='ocrx_word' id='word_1_114' title='bbox 856 1712 935 1786; x_wconf 86' lang='lat' dir='ltr'>placi-</span> 
     </span>
     <span class='ocr_line' id='line_1_20' title="bbox 137 1787 936 1864; baseline -0.001 -21"><span class='ocrx_word' id='word_1_115' title='bbox 137 1789 209 1851; x_wconf 76' lang='lat' dir='ltr'>rlius,</span> <span class='ocrx_word' id='word_1_116' title='bbox 224 1806 307 1859; x_wconf 86' lang='lat' dir='ltr'>quam</span> <span class='ocrx_word' id='word_1_117' title='bbox 321 1788 400 1844; x_wconf 86' lang='lat' dir='ltr'>lercci</span> <span class='ocrx_word' id='word_1_118' title='bbox 410 1792 547 1861; x_wconf 89' lang='lat' dir='ltr'>provincia</span> <span class='ocrx_word' id='word_1_119' title='bbox 557 1791 671 1864; x_wconf 80' lang='lat' dir='ltr'>dignum</span> <span class='ocrx_word' id='word_1_120' title='bbox 679 1798 729 1843; x_wconf 83' lang='lat' dir='ltr'>est.</span> <span class='ocrx_word' id='word_1_121' title='bbox 769 1787 936 1860; x_wconf 78' lang='lat' dir='ltr'>Temperavit</span> 
     </span>
     <span class='ocr_line' id='line_1_21' title="bbox 137 1861 974 1936; baseline 0.001 -19"><span class='ocrx_word' id='word_1_122' title='bbox 137 1861 259 1935; x_wconf 75' lang='lat' dir='ltr'>Agricola</span> <span class='ocrx_word' id='word_1_123' title='bbox 271 1863 325 1916; x_wconf 87' lang='lat' dir='ltr'>vim</span> <span class='ocrx_word' id='word_1_124' title='bbox 337 1880 424 1928; x_wconf 87' lang='lat' dir='ltr'>suam,</span> <span class='ocrx_word' id='word_1_125' title='bbox 440 1865 616 1936; x_wconf 89' lang='lat' dir='ltr'>ardoremque</span> <span class='ocrx_word' id='word_1_126' title='bbox 624 1865 798 1935; x_wconf 86' lang='lat' dir='ltr'>compescuit,</span> <span class='ocrx_word' id='word_1_127' title='bbox 810 1882 844 1918; x_wconf 88' lang='lat' dir='ltr'>ne</span> <span class='ocrx_word' id='word_1_128' title='bbox 854 1866 937 1919; x_wconf 85' lang='lat' dir='ltr'>incre·</span> <span class='ocrx_word' id='word_1_129' title='bbox 972 1894 974 1927; x_wconf 87' lang='lat'>;</span> 
     </span>
     <span class='ocr_line' id='line_1_22' title="bbox 137 1938 971 2011; baseline 0 -19"><span class='ocrx_word' id='word_1_130' title='bbox 137 1944 234 2003; x_wconf 66' lang='lat' dir='ltr'>sceret,</span> <span class='ocrx_word' id='word_1_131' title='bbox 264 1938 366 2007; x_wconf 85' lang='lat' dir='ltr'>peritus</span> <span class='ocrx_word' id='word_1_132' title='bbox 385 1939 508 2010; x_wconf 84' lang='lat' dir='ltr'>obsequi,</span> <span class='ocrx_word' id='word_1_133' title='bbox 528 1940 706 2011; x_wconf 84' lang='lat' dir='ltr'>eruditusque</span> <span class='ocrx_word' id='word_1_134' title='bbox 724 1938 800 1993; x_wconf 87' lang='lat' dir='ltr'>utilia</span> <span class='ocrx_word' id='word_1_135' title='bbox 820 1938 936 1993; x_wconf 81' lang='lat' dir='ltr'>honestis</span> <span class='ocrx_word' id='word_1_136' title='bbox 968 1990 971 2001; x_wconf 89' lang='grc'>,</span> 
     </span>
     <span class='ocr_line' id='line_1_23' title="bbox 137 2012 974 2069; baseline 0 -2"><span class='ocrx_word' id='word_1_137' title='bbox 137 2014 259 2068; x_wconf 86' lang='lat' dir='ltr'>miscere.</span> <span class='ocrx_word' id='word_1_138' title='bbox 296 2012 374 2066; x_wconf 85' lang='lat' dir='ltr'>Brevi</span> <span class='ocrx_word' id='word_1_139' title='bbox 383 2012 479 2067; x_wconf 86' lang='lat' dir='ltr'>deinde</span> <span class='ocrx_word' id='word_1_140' title='bbox 489 2013 624 2068; x_wconf 87' lang='lat' dir='ltr'>Britannia</span> <span class='ocrx_word' id='word_1_141' title='bbox 635 2013 803 2069; x_wconf 85' lang='lat' dir='ltr'>consularem</span> <span class='ocrx_word' id='word_1_142' title='bbox 813 2013 937 2068; x_wconf 89' lang='lat' dir='ltr'>Petilium</span> <span class='ocrx_word' id='word_1_143' title='bbox 969 2022 974 2045; x_wconf 81' lang='lat'>⁸</span> 
     </span>
     <span class='ocr_line' id='line_1_24' title="bbox 137 2086 971 2159; baseline 0 -16"><span class='ocrx_word' id='word_1_144' title='bbox 137 2086 267 2143; x_wconf 80' lang='lat' dir='ltr'>Cerialem</span> <span class='ocrx_word' id='word_1_145' title='bbox 282 2088 390 2157; x_wconf 84' lang='lat' dir='ltr'>accepit.</span> <span class='ocrx_word' id='word_1_146' title='bbox 430 2088 586 2143; x_wconf 85' lang='lat' dir='ltr'>Habuerunt</span> <span class='ocrx_word' id='word_1_147' title='bbox 598 2091 707 2144; x_wconf 85' lang='lat' dir='ltr'>virtutes</span> <span class='ocrx_word' id='word_1_148' title='bbox 720 2090 838 2159; x_wconf 84' lang='lat' dir='ltr'>spatium</span> <span class='ocrx_word' id='word_1_149' title='bbox 847 2106 938 2143; x_wconf 88' lang='lat' dir='ltr'>exem-</span> <span class='ocrx_word' id='word_1_150' title='bbox 968 2148 971 2153; x_wconf 64' lang='grc'>,</span> 
     </span>
     <span class='ocr_line' id='line_1_25' title="bbox 137 2160 970 2251; baseline 0.001 -35"><span class='ocrx_word' id='word_1_151' title='bbox 137 2162 254 2234; x_wconf 86' lang='lat' dir='ltr'>plorum.</span> <span class='ocrx_word' id='word_1_152' title='bbox 294 2160 345 2217; x_wconf 81' lang='lat' dir='ltr'>Serl</span> <span class='ocrx_word' id='word_1_153' title='bbox 365 2162 452 2233; x_wconf 86' lang='lat' dir='ltr'>primo</span> <span class='ocrx_word' id='word_1_154' title='bbox 466 2162 577 2217; x_wconf 85' lang='lat' dir='ltr'>Cerialis</span> <span class='ocrx_word' id='word_1_155' title='bbox 598 2163 676 2219; x_wconf 90' lang='lat' dir='ltr'>modo</span> <span class='ocrx_word' id='word_1_156' title='bbox 690 2162 794 2218; x_wconf 87' lang='lat' dir='ltr'>labores</span> <span class='ocrx_word' id='word_1_157' title='bbox 806 2163 938 2218; x_wconf 86' lang='lat' dir='ltr'>otdiscri·</span> <span class='ocrx_word' id='word_1_158' title='bbox 964 2190 970 2251; x_wconf 58' lang='grc' dir='ltr'>Ι·</span> 
     </span>
     <span class='ocr_line' id='line_1_26' title="bbox 138 2235 938 2310; baseline 0.003 -19"><span class='ocrx_word' id='word_1_159' title='bbox 138 2240 221 2301; x_wconf 81' lang='lat' dir='ltr'>atina,</span> <span class='ocrx_word' id='word_1_160' title='bbox 233 2254 296 2292; x_wconf 82' lang='lat' dir='ltr'>mox</span> <span class='ocrx_word' id='word_1_161' title='bbox 308 2245 334 2291; x_wconf 90' lang='lat' dir='ltr'>et</span> <span class='ocrx_word' id='word_1_162' title='bbox 347 2235 460 2310; x_wconf 78' lang='lat' dir='ltr'>gloriam</span> <span class='ocrx_word' id='word_1_163' title='bbox 475 2238 701 2293; x_wconf 84' lang='lat' dir='ltr'>communicabat:</span> <span class='ocrx_word' id='word_1_164' title='bbox 722 2256 802 2309; x_wconf 86' lang='lat' dir='ltr'>saepe</span> <span class='ocrx_word' id='word_1_165' title='bbox 813 2239 883 2310; x_wconf 85' lang='lat' dir='ltr'>parti</span> <span class='ocrx_word' id='word_1_166' title='bbox 893 2254 938 2293; x_wconf 84' lang='lat' dir='ltr'>ex·</span> 
     </span>
    </p>
   </div>
   <div class='ocr_carea' id='block_1_3' title="bbox 137 2302 974 2589">
    <p class='ocr_par' dir='ltr' id='par_1_4' title="bbox 137 2302 974 2589">
     <span class='ocr_line' id='line_1_27' title="bbox 137 2302 974 2385; baseline 0 -20"><span class='ocrx_word' id='word_1_167' title='bbox 137 2313 236 2365; x_wconf 86' lang='lat' dir='ltr'>orcitus</span> <span class='ocrx_word' id='word_1_168' title='bbox 250 2312 279 2366; x_wconf 89' lang='lat' dir='ltr'>in</span> <span class='ocrx_word' id='word_1_169' title='bbox 294 2313 517 2382; x_wconf 85' lang='lat' dir='ltr'>experimentum,</span> <span class='ocrx_word' id='word_1_170' title='bbox 539 2312 683 2384; x_wconf 89' lang='lat' dir='ltr'>aliquando</span> <span class='ocrx_word' id='word_1_171' title='bbox 696 2314 845 2369; x_wconf 81' lang='lat' dir='ltr'>maioribus</span> <span class='ocrx_word' id='word_1_172' title='bbox 855 2314 936 2385; x_wconf 89' lang='lat' dir='ltr'>copiis</span> <span class='ocrx_word' id='word_1_173' title='bbox 972 2302 974 2341; x_wconf 81' lang='lat'><strong>¹</strong></span> 
     </span>
     <span class='ocr_line' id='line_1_28' title="bbox 138 2385 936 2461; baseline 0.005 -22"><span class='ocrx_word' id='word_1_174' title='bbox 138 2404 172 2441; x_wconf 68' lang='lat' dir='ltr'>rix</span> <span class='ocrx_word' id='word_1_175' title='bbox 186 2395 282 2440; x_wconf 89' lang='lat' dir='ltr'>cvootu</span> <span class='ocrx_word' id='word_1_176' title='bbox 296 2385 430 2458; x_wconf 84' lang='lat' dir='ltr'>praefecit.</span> <span class='ocrx_word' id='word_1_177' title='bbox 451 2422 455 2427; x_wconf 89' lang='lat'>·</span> <span class='ocrx_word' id='word_1_178' title='bbox 470 2389 524 2441; x_wconf 88' lang='lat' dir='ltr'>Neo</span> <span class='ocrx_word' id='word_1_179' title='bbox 538 2387 660 2461; x_wconf 79' lang='lat' dir='ltr'>Agricola</span> <span class='ocrx_word' id='word_1_180' title='bbox 675 2405 806 2460; x_wconf 89' lang='lat' dir='ltr'>umquam</span> <span class='ocrx_word' id='word_1_181' title='bbox 820 2389 850 2443; x_wconf 88' lang='lat' dir='ltr'>in</span> <span class='ocrx_word' id='word_1_182' title='bbox 861 2404 936 2443; x_wconf 87' lang='lat' dir='ltr'>suam</span> 
     </span>
     <span class='ocr_line' id='line_1_29' title="bbox 139 2460 937 2589; baseline 0.001 -75"><span class='ocrx_word' id='word_1_183' title='bbox 139 2460 236 2515; x_wconf 85' lang='lat' dir='ltr'>lamam</span> <span class='ocrx_word' id='word_1_184' title='bbox 243 2462 330 2589; x_wconf 70' lang='lat' dir='ltr'>pestis</span> <span class='ocrx_word' id='word_1_185' title='bbox 340 2461 496 2528; x_wconf 82' lang='lat' dir='ltr'>cxsttltavit3</span> <span class='ocrx_word' id='word_1_186' title='bbox 513 2463 546 2516; x_wconf 87' lang='lat' dir='ltr'>ad</span> <span class='ocrx_word' id='word_1_187' title='bbox 556 2471 688 2518; x_wconf 85' lang='lat' dir='ltr'>auctorem</span> <span class='ocrx_word' id='word_1_188' title='bbox 699 2471 724 2517; x_wconf 89' lang='lat' dir='ltr'>et</span> <span class='ocrx_word' id='word_1_189' title='bbox 733 2464 880 2529; x_wconf 87' lang='lat' dir='ltr'>ducem,ut</span> <span class='ocrx_word' id='word_1_190' title='bbox 889 2463 937 2516; x_wconf 86' lang='lat' dir='ltr'>mi·</span> 
     </span>
    </p>
   </div>
   <div class='ocr_carea' id='block_1_4' title="bbox 140 2535 935 2610">
    <p class='ocr_par' dir='ltr' id='par_1_5' title="bbox 140 2535 935 2610">
     <span class='ocr_line' id='line_1_30' title="bbox 140 2535 935 2610; baseline 0.004 -22"><span class='ocrx_word' id='word_1_191' title='bbox 140 2536 231 2599; x_wconf 78' lang='lat' dir='ltr'>trister,</span> <span class='ocrx_word' id='word_1_192' title='bbox 253 2544 374 2591; x_wconf 86' lang='lat' dir='ltr'>ortonam</span> <span class='ocrx_word' id='word_1_193' title='bbox 386 2535 522 2591; x_wconf 78' lang='lat' dir='ltr'>referebat.</span> <span class='ocrx_word' id='word_1_194' title='bbox 563 2539 598 2591; x_wconf 88' lang='lat' dir='ltr'>lta</span> <span class='ocrx_word' id='word_1_195' title='bbox 612 2539 707 2591; x_wconf 81' lang='lat' dir='ltr'>virtuto</span> <span class='ocrx_word' id='word_1_196' title='bbox 718 2538 746 2592; x_wconf 93' lang='lat' dir='ltr'>in</span> <span class='ocrx_word' id='word_1_197' title='bbox 756 2537 935 2610; x_wconf 86' lang='lat' dir='ltr'>obsequendo,</span> 
     </span>
    </p>
   </div>
   <div class='ocr_carea' id='block_1_5' title="bbox 138 2610 936 2753">
    <p class='ocr_par' dir='ltr' id='par_1_6' title="bbox 138 2610 936 2753">
     <span class='ocr_line' id='line_1_31' title="bbox 142 2610 936 2736; baseline 0.009 -76"><span class='ocrx_word' id='word_1_198' title='bbox 142 2610 298 2736; x_wconf 76' lang='lat' dir='ltr'>vprcctrndia</span> <span class='ocrx_word' id='word_1_199' title='bbox 315 2613 342 2665; x_wconf 91' lang='lat' dir='ltr'>in</span> <span class='ocrx_word' id='word_1_200' title='bbox 358 2610 543 2682; x_wconf 76' lang='lat' dir='ltr'>praelicando,</span> <span class='ocrx_word' id='word_1_201' title='bbox 560 2619 632 2668; x_wconf 82' lang='lat' dir='ltr'>extra</span> <span class='ocrx_word' id='word_1_202' title='bbox 647 2612 787 2679; x_wconf 87' lang='lat' dir='ltr'>invidiam,</span> <span class='ocrx_word' id='word_1_203' title='bbox 805 2631 854 2668; x_wconf 91' lang='lat' dir='ltr'>neo</span> <span class='ocrx_word' id='word_1_204' title='bbox 867 2622 936 2669; x_wconf 81' lang='lat' dir='ltr'>exuo</span> 
     </span>
     <span class='ocr_line' id='line_1_32' title="bbox 138 2693 336 2753; baseline 0.015 -16"><span class='ocrx_word' id='word_1_205' title='bbox 138 2698 156 2753; x_wconf 75' lang='lat' dir='ltr'>g</span> <span class='ocrx_word' id='word_1_206' title='bbox 167 2699 261 2749; x_wconf 83' lang='lat' dir='ltr'>orrum,</span> <span class='ocrx_word' id='word_1_207' title='bbox 273 2693 336 2741; x_wconf 83' lang='lat' dir='ltr'>crat.</span> 
     </span>
    </p>
   </div>
   <div class='ocr_carea' id='block_1_6' title="bbox 0 0 987 3016">
    <p class='ocr_par' dir='ltr' id='par_1_7' title="bbox 0 0 987 3016">
     <span class='ocr_line' id='line_1_33' title="bbox 0 0 987 3016; baseline 0 0"><span class='ocrx_word' id='word_1_208' title='bbox 0 0 987 3016; x_wconf 95' lang='lat' dir='ltr'> </span> 
     </span>
    </p>
   </div>
  </div>
 </body>
</html>
