1950 3016
239 191 445 240 nthhootts.
466 191 544 241 GAP.
564 192 605 241 35.
626 192 667 240 dd.
802 187 851 241 335

57 309 120 349 nera
129 291 300 348 materiarum
310 293 381 367 apud
391 295 506 350 rhetores
517 302 668 361 tractantur,
684 294 817 351 suasoriae
826 302 853 351 et

58 368 258 424 controversiae.
297 369 339 425 Er
356 370 391 426 iis
410 370 543 425 suasoriae
565 371 689 442 quidem,
714 377 851 443 tamquam

56 442 136 517 plane
156 442 266 499 leviores
285 451 311 499 et
324 445 415 500 minus
428 446 583 517 prudentiae
596 447 740 518 exigentes,
760 446 851 516 pueris

58 519 227 592 delegantem
253 521 443 575 controversiae
457 521 651 577 robustioribus
663 520 849 594 adsignantur2

58 593 162 743 gprploe,
177 612 224 666 per
239 594 332 650 fideml
353 605 378 651 et
387 613 468 668 quam
480 595 667 651 incredibiliter
678 595 850 666 compositael

112 671 185 724 uitur
199 678 296 736 autem,
317 678 347 725 ut
362 672 485 726 materiae
497 671 674 727 abhorrentia
688 671 797 726 veritate
806 669 853 724 de-

58 745 181 801 clamatio
190 763 296 818 quoque
306 745 471 802 adhibeatur.
483 745 527 801 Sic
537 747 574 813 fit,
587 754 617 801 ut
626 746 851 820 tyrannicidarum

58 821 186 894 praemia,
198 830 243 876 aut
258 822 411 878 vitiatarum
426 820 573 888 electiones,
585 830 630 876 aut
640 820 803 892 pestilentiae
812 837 854 874 re·

59 895 156 960 mealia,
177 904 222 951 aut
240 896 338 950 incesta
357 905 483 963 matrum,
505 904 551 951 aut
568 896 703 970 quidquid
722 897 750 952 in
764 894 853 950 schola

58 971 178 1044 quotidie
186 971 282 1045 agitur,
294 971 321 1025 in
332 971 387 1029 loro
397 971 439 1028 vel
449 990 509 1028 raro
518 972 559 1028 vel
570 990 729 1044 numquam,
739 971 854 1045 ingenti-

58 1046 111 1103 bus
125 1047 434 1155 verhistpersequautur:
455 1065 518 1104 cum
534 1048 568 1103 ad
581 1066 658 1106 veros
672 1047 775 1104 iudices
788 1064 855 1103 ven-

59 1130 117 1180 tam
127 1131 176 1187 ast,

107 1271 192 1320 (Magus
206 1269 241 1308 hio
257 1271 340 1315 lacuna,
357 1284 380 1309 ae
393 1272 477 1309 tonsus
489 1285 525 1309 rex
541 1272 666 1321 paginarum,
680 1270 711 1308 nti
728 1271 790 1308 codex
806 1271 852 1307 Vat.

59 1340 125 1374 natat.
151 1336 174 1372 In
184 1334 314 1386 sequentibus
323 1335 389 1385 porgit
397 1336 451 1374 idem
459 1335 555 1380 Messala,
565 1348 605 1372 nou
615 1340 688 1380 autem,
703 1340 726 1372 ut
733 1333 852 1382 interpreti·

59 1399 97 1437 hue
107 1399 172 1438 virum
182 1404 219 1444 eet,
229 1399 351 1446 Maternus.)

59 1496 127 1533 *⁴⁵*
145 1517 202 1556 rem
212 1501 335 1574 cogitare,
346 1498 414 1555 nihil
423 1497 537 1566 humile,
548 1499 615 1555 nihil
624 1499 754 1555 abiectum
765 1495 854 1570 eloqui

120 1583 168 1631 rat.
655 1626 662 1642 x

59 1583 159 1706 pate36.
179 1651 274 1724 Magna
288 1649 448 1723 eloquentia,
466 1652 536 1706 sicut
549 1648 665 1715 flamma,
688 1643 855 1703 materiaali-

60 1735 114 1792 tur,
131 1727 280 1782 etmotihus
290 1727 428 1792 excitatur,
443 1734 468 1781 et
478 1725 578 1781 urendo
588 1724 716 1780 clarescit.
754 1721 853 1777 Eadem

60 1804 127 1858 ratio
137 1802 165 1856 in
175 1810 262 1857 nostra
273 1819 381 1874 quoque
390 1802 495 1857 civitate
502 1798 853 1873 antiquorumeloquentiam

60 1878 190 1952 provexit.
230 1877 298 1932 Nam
315 1878 364 1932 etsi
378 1877 474 1932 horum
492 1894 599 1948 quoque
612 1885 760 1948 temporum
769 1883 854 1930 orato-

61 1971 104 2008 res
114 1970 143 2007 ea
152 1953 285 2008 consecuti
295 1960 367 2017 sunt,
379 1969 448 2024 quae
457 1953 600 2024 composita
610 1960 636 2007 et
645 1953 733 2024 quieta
744 1958 771 2004 et
779 1949 853 2004 beata

61 2026 198 2100 republica
212 2027 293 2082 tribui
309 2026 347 2082 las
361 2035 424 2091 erat,
447 2036 532 2082 tamen
551 2028 600 2083 ista
614 2025 809 2098 perturbatione
824 2041 854 2078 ac

61 2103 165 2159 licentia
186 2102 263 2175 plura
281 2102 333 2157 sibi
354 2101 464 2174 adsequi
483 2102 653 2167 videbantur,
678 2117 740 2155 cum
762 2100 853 2152 mixtis

61 2179 196 2243 omnibus,
217 2186 242 2233 et
252 2178 412 2233 moderatore
421 2194 474 2232 uno
483 2176 643 2240 carentibus,
661 2182 763 2230 tantum
778 2174 856 2246 quis·

61 2272 116 2327 que
125 2261 209 2310 orator
222 2260 332 2324 saperet,
347 2260 478 2324 quantum
488 2253 584 2307 erranti
595 2249 692 2322 populo
701 2248 854 2321 persuaderi

60 2337 169 2402 poterat.
209 2329 276 2382 ilina
286 2327 356 2402 leges
366 2327 491 2383 adsiduae
501 2335 526 2381 et
534 2325 660 2398 populare
670 2342 776 2388 nomen,
791 2323 856 2377 hinc

61 2404 201 2460 conciones
214 2403 427 2476 magistratuum,
450 2419 533 2474 paene
546 2401 754 2473 pernoctantium
769 2400 796 2453 in
813 2416 856 2453 ro-

62 2477 205 2542 stris,hinc
214 2478 395 2533 adcusationes
404 2478 550 2549 potentium
560 2493 665 2531 reorum
673 2475 856 2548 etadsignatae

62 2554 142 2609 etiam
157 2551 281 2607 domibus
297 2553 459 2620 inimicitiae,
475 2553 538 2607 hinc
547 2549 870 2625 procerumiact'muesm.

58 2626 170 2682 adsidua
187 2636 296 2684 senatus
315 2627 449 2687 adversus
470 2629 583 2707 plebem
603 2626 772 2684 eertauhua.
805 2617 895 2677 ωδ

43 2699 155 2774 ampula
178 2703 231 2761 etei
252 2703 449 2768 distrahebant
476 2705 719 2787 rempublicam,
740 2682 923 2753 mamm&
