1950 3016
123 178 174 232 eet
363 181 394 227 c
413 181 528 227 conr.
546 180 686 227 racis-r
726 170 923 249 (aren-sas.)

122 282 264 340 castellum
273 283 485 338 autribcstiurn
495 285 924 356 mmmmm

122 358 187 431 luga
200 358 346 413 ᾶααωω.
385 358 500 414 Crebrae
512 360 675 429 emptiones.
715 359 787 415 liam
797 359 924 415 aomos

122 451 212 489 moras
221 433 370 488 obsidionis
378 433 769 504 annuisccpiislinnalnntur.
797 435 924 490 luidbe-

122 508 186 580 pida
196 509 235 562 ibi
245 508 344 572 biems,
359 509 447 562 etsibi
457 509 729 580 quisqueprarsidio,
743 509 924 565 inritiabtsti·

122 583 278 655 bus,ceqne
285 583 499 654 desperantibus,
504 584 570 655 quia
579 582 651 637 soliti
660 583 923 655 plerumquedamna

122 660 230 713 natatis
245 658 366 712 hibernis
377 659 520 712 eventibus
533 675 657 728 msere,
667 667 727 712 tnrn
739 667 923 732 micaque

122 734 213 788 hieme
227 734 301 788 iuxta
315 733 491 804 pellebantur.
531 734 588 787 Neo
601 733 725 806 Agricola
736 751 871 806 umqrsam
879 751 923 806 ptr

122 808 190 863 alies
198 817 273 882 gesta
282 808 379 862 avidus
387 809 536 879 intercepit
571 807 624 862 Seu
633 809 756 864 cenmric
765 826 816 864 seu
825 808 924 881 pracia-

122 892 193 947 ctus,
212 884 397 953 inettrrupturn
414 882 476 938 iacti
487 892 581 937 testem
591 883 715 938 habebat.
752 883 837 955 Aptad
845 901 924 956 qum-

122 957 185 1012 dam
199 957 317 1012 acerbior
330 959 358 1012 in
368 960 498 1012 conviciis
509 958 676 1023 narrabatur,
695 966 728 1013 ut
738 957 821 1013 bonis
830 960 921 1025 mnis,

121 1033 159 1085 ita
168 1032 298 1085 adversus
308 1031 393 1087 malos
403 1033 579 1087 iniucundus.
608 1032 733 1088 Qum
741 1051 780 1089 ex
786 1034 922 1090 iracundie

123 1104 192 1160 nibil
207 1114 358 1175 supererat:
384 1117 516 1162 secretum
528 1116 556 1162 ct
565 1108 705 1163 silentium
713 1109 839 1165 eiusncn
848 1111 922 1165 tima·

122 1196 175 1234 res.
215 1180 358 1236 Honestius
367 1182 627 1254 putabatod'endem,
637 1184 831 1254 quamodisse.

177 1257 220 1311 23.
241 1253 340 1322 Quarta
350 1266 436 1312 aesms
444 1258 607 1322 obtinendis,
617 1274 688 1330 quae
696 1267 874 1328 percurrerat,
883 1260 923 1314 in·

122 1338 243 1402 sumpta:
264 1349 305 1397 ao,
324 1333 350 1387 si
364 1334 452 1387 virtus
466 1334 632 1387 exercituum
644 1342 672 1387 et
680 1333 794 1388 Romani
806 1335 922 1390 nominis

121 1404 206 1479 gloria
223 1415 366 1476 pateretur,
385 1409 513 1462 inventus
526 1409 555 1461 in
566 1409 627 1478 ipsa
635 1408 772 1463 Britannia
782 1411 920 1465 terminus.

122 1480 191 1535 Nam
206 1480 280 1536 Clota
294 1490 319 1536 et
333 1483 464 1546 Bodotria,
484 1482 586 1537 diversi
597 1484 682 1537 maris
692 1485 812 1539 aestibus
827 1485 923 1556 perin-

122 1573 248 1610 mensum
259 1565 387 1622 resectae,
394 1565 508 1630 angmto
516 1564 648 1612 terrarum
657 1559 920 1628 spatiodirimunttu.

121 1629 199 1696 Quod
213 1639 272 1686 tum
286 1632 429 1702 praesidiis
438 1631 608 1687 firmabatur:
628 1635 808 1704 atqueemnis
818 1635 922 1705 propior

121 1707 200 1759 sinus
212 1706 360 1773 tenebatur,
376 1708 519 1762 summotis
529 1705 603 1762 velut
615 1708 646 1761 in
655 1707 737 1763 aliana
746 1708 867 1764 insulam
876 1710 923 1765 be·

121 1779 220 1833 stibus.

176 1854 219 1908 tt.
240 1851 340 1919 Quinto
353 1856 554 1926 expeditionum
566 1872 646 1919 anno,
662 1873 731 1911 nave
739 1859 828 1928 prima
838 1866 923 1914 trans

120 1944 241 2001 gruans,
256 1930 359 2001 ignotas
374 1930 408 1984 ad
422 1931 450 1984 id
462 1939 569 2001 tempus
582 1938 675 2004 gentes
688 1932 884 1989 crebrissime!
893 1951 922 1988 ae
948 1966 955 1977 ·

120 2003 255 2074 prosperis
267 2003 375 2075 proeliis
388 2004 505 2060 domuit:
526 2023 640 2077 eamque
649 2014 751 2076 purtem
760 2008 920 2074 Britanniae,

120 2095 190 2150 quae
200 2079 354 2133 Hiberniam
364 2080 487 2151 adspicit,
496 2081 581 2151 copiis
590 2082 727 2146 instruxit,
740 2083 770 2137 in
779 2101 857 2154 spem
867 2100 923 2138 ma·

119 2154 172 2225 gis,
188 2171 271 2225 quam
287 2154 321 2209 eb
336 2154 518 2222 formidinem3
540 2155 675 2226 siquidem
686 2157 825 2223 Hibernia,
835 2159 922 2214 medie

119 2228 190 2282 inter
202 2228 365 2283 Britanniam
379 2238 460 2301 atque
469 2231 624 2300 Hispaniam
634 2232 695 2296 sita,
709 2240 735 2286 et
744 2232 922 2305 Gallicoquo-

120 2319 175 2374 quc
193 2304 261 2358 mari
279 2312 442 2375 opportuna,
464 2304 672 2359 valentissimam
693 2308 801 2378 imperii
820 2316 921 2379 mtem

120 2378 227 2449 magnis
248 2378 365 2432 invicem
384 2379 481 2434 usibus
495 2380 642 2434 misouerit.
681 2381 804 2452 Spatium
816 2385 888 2449 eius,
898 2384 921 2438 si

120 2451 270 2506 Britanniae
280 2462 457 2525 comparetur,
468 2455 619 2528 angustius,
632 2458 715 2510 nostri
725 2458 809 2512 maris
819 2458 921 2513 insulas

120 2534 237 2596 superet.
278 2527 370 2583 Solum
385 2529 544 2600 caelumque
557 2537 583 2582 et
598 2530 704 2601 ingenia
717 2531 864 2605 cultusque
875 2533 921 2589 ho-

120 2600 227 2654 minum
238 2600 311 2656 haud
320 2603 437 2659 multum
448 2622 462 2658 a
473 2605 607 2658 Britannia
617 2604 752 2671 differunt,
768 2610 858 2663 necin
867 2624 921 2663 me·

120 2670 185 2729 lius.
224 2674 321 2731 Aditus
330 2685 478 2752 portusque
487 2696 534 2752 per
543 2681 702 2736 commercia
709 2687 736 2737 et
747 2684 921 2757 negotiatores

56 2730 152 2824 ἱ
