1950 3016
65 196 184 272 sero.)
272 208 352 255 ms.
369 208 405 256 11.
425 208 514 256 aar.
533 210 654 257 oa-so.
812 206 856 258 ttt

64 306 221 365 &nativum
231 314 256 362 et
266 308 359 364 deesse
365 311 517 381 pecuniam,
530 312 620 365 omnia
628 309 678 367 alia
687 309 769 371 militi
779 311 860 386 largi-

64 384 166 439 ebatur.
205 383 307 438 Liberti
321 385 473 457 principum
489 390 859 453 confarreproaomrramon-

65 464 201 527 aptorum,
212 465 242 513 ut
252 458 393 525 tributum,
404 461 483 515 inssi.
502 460 572 531 lpse,
584 459 639 515 sola
649 462 775 531 perdendi
785 481 858 528 cura,

64 531 168 589 stabula
188 533 292 606 aurigis
310 543 458 591 exstruere:
489 536 589 591 circum
603 534 778 607 gladiatorum
793 537 859 593 lera-

64 624 181 680 ramque
204 608 363 679 spectaculis
385 609 505 680 opplere:
540 618 677 682 tamquam
700 612 728 667 ia
754 629 859 669 summa

64 682 237 745 abnndantia.
249 685 377 755 pecuniae
385 684 514 739 inludere.

114 760 160 813 95.
182 756 256 823 Quin
276 766 302 811 et
321 758 433 813 natalem
447 758 546 814 Vitellii
559 758 630 812 diem
645 758 755 814 Caecina
769 776 799 814 ac
809 760 859 814 Va·

65 830 129 897 lens,
141 831 223 886 editis
232 840 284 887 tota
293 832 359 887 urbe
369 834 475 889 vicatim
485 833 675 907 gladiatoribus
685 833 858 901 celebravere,

64 906 165 981 ingenti
185 915 278 977 paratu
298 915 322 962 et
340 915 399 962 ante
418 908 495 963 illum
511 908 581 962 diem
596 908 709 964 insolito.
748 909 859 964 Laetum

17 1026 22 1033 .
66 981 219 1037 laedissimo
233 982 340 1054 cuique,
356 982 427 1055 apud
439 982 521 1038 bonas
531 983 647 1039 invidiae
660 983 719 1049 tuit,
730 984 803 1057 quod
813 1003 859 1039 ex-

65 1058 172 1111 structis
186 1056 214 1109 in
230 1073 324 1128 eampo
333 1058 426 1113 Martio
435 1058 498 1121 aris,
519 1055 627 1113 inferias
637 1060 734 1114 Neroni
744 1059 857 1115 fecisset.

66 1130 160 1186 Caesae
169 1130 278 1201 publice
289 1132 409 1187 victimae
417 1142 612 1205 cremataeque:
633 1133 716 1188 lacem
724 1134 859 1211 Augusta-

65 1204 270 1261 lessubdidere:
295 1206 367 1277 quod
385 1207 569 1273 sacerdotium,
594 1216 624 1262 ut
640 1208 771 1265 Romulus
785 1210 859 1264 Tatio

65 1282 128 1355 regi,
144 1281 182 1335 ita
196 1279 293 1336 Caesar
306 1282 428 1337 Tiberius
442 1281 524 1337 lullae
536 1284 608 1355 genti
626 1285 747 1338 sacravit.
786 1285 860 1337 Non-

64 1354 126 1411 dum
136 1363 252 1429 quartus
261 1372 276 1411 a
286 1358 394 1411 victoria
407 1358 518 1423 mensis,
532 1366 557 1412 et
567 1356 680 1412 libertus
689 1356 789 1413 Vitellii
799 1358 860 1412 Asi-

64 1432 146 1485 aticus
161 1429 316 1505 Polycletos‚
332 1432 465 1487 Patrobios
482 1440 508 1487 et
515 1439 602 1487 vetera
617 1432 738 1487 odiorum
752 1433 858 1486 nomina

64 1504 203 1579 aequabat.
242 1506 327 1561 Nemo
345 1508 373 1561 in
393 1506 438 1562 illa
453 1506 513 1561 aula
528 1507 655 1576 probitate
669 1515 714 1560 ant
728 1506 858 1560 industria

63 1580 185 1635 cenavit:
206 1597 293 1635 uniam
310 1581 343 1636 ad
361 1582 504 1653 potentiam
525 1582 582 1645 iter,
603 1580 722 1653 prodigis
737 1580 824 1652 epulis
834 1590 860 1636 et

63 1664 173 1729 sumptu
183 1672 322 1729 ganeaque
330 1658 425 1710 satiare
434 1655 607 1726 inexplebiles
612 1656 710 1711 Vitellii
721 1656 856 1711 libidines.

63 1730 119 1801 lpse
136 1729 245 1785 abunde
259 1738 342 1797 ratus,
357 1732 381 1786 si
393 1731 577 1803 praesentibus
591 1731 735 1799 frueretnr3
767 1749 815 1787 nec
829 1734 857 1786 in

63 1803 169 1879 longius
182 1806 344 1870 consultans,
358 1806 450 1860 novies
460 1804 557 1860 millies
566 1809 715 1862 sestertium
726 1809 858 1878 paucissi-

62 1881 112 1935 mis
122 1880 264 1934 mensibus
274 1881 452 1934 intervertisse
461 1881 584 1935 creditur.
621 1883 715 1956 Magna
726 1892 751 1937 et
760 1884 856 1938 misera

62 1956 165 2019 civitas,
178 1954 269 2009 eodem
280 1973 348 2010 anno
358 1954 487 2011 Othonem
492 1956 682 2029 Vitelliumque
691 1976 780 2029 passa,
788 1960 857 2013 inter

62 2028 164 2094 Vinios,
175 2030 196 2085 F
197 2030 281 2094 abias,
292 2029 383 2094 Icelos,
395 2031 532 2094 Asiaticos,
539 2033 611 2087 varia
621 2041 646 2087 et
654 2034 857 2104 pudeudnorte

62 2104 168 2179 agelrat3
198 2104 281 2159 donee
303 2122 453 2161 successere
471 2105 610 2161 Mucianus
629 2115 655 2162 et
672 2107 813 2163 lllarcallus
832 2114 858 2159 et

61 2181 148 2253 magis
157 2178 205 2234 alii
215 2179 346 2245 homines,
358 2197 439 2251 quam
451 2178 496 2234 alii
507 2198 602 2237 mores.

112 2257 157 2309 98.
178 2254 268 2309 Prima
281 2254 386 2309 Vitellio
399 2255 488 2308 tertiae
503 2254 613 2328 legionis
626 2255 736 2311 delectio
749 2256 856 2309 nuntia-

62 2336 112 2395 tur,
122 2328 219 2385 missis
229 2329 262 2383 ab
272 2328 374 2400 Aponio
384 2328 525 2385 Saturnino
536 2329 664 2401 epistolis,
675 2338 816 2400 antequam
832 2331 856 2383 is

60 2420 169 2476 quoque
177 2403 334 2474 Vespasiani
345 2403 464 2475 partibus
472 2404 667 2477 adgregaretur.
706 2403 758 2459 Sed
769 2421 856 2475 nequa

59 2478 183 2549 Aponius
195 2487 299 2543 cuneta,
316 2486 346 2533 ut
359 2478 493 2548 trepidans
506 2497 536 2533 re
547 2479 645 2542 subita,
656 2479 854 2548 perscripserat,

59 2560 83 2609 ot
94 2554 180 2611 amici
193 2551 329 2609 adulantes
337 2552 448 2609 mollius
460 2552 718 2629 interpretabantur:
736 2557 869 2609 antusia-

46 2632 136 2688 Μ
145 2630 382 2698 mosothenum
404 2636 503 2689 ceteris
524 2635 695 2691 emersitibua
709 2641 839 2691 constare
853 2633 890 2701 ts-

35 2696 97 2745 Μ
135 2694 170 2747 la
184 2695 398 2763 Itane-modam
420 2710 513 2769 etiam
529 2710 673 2774 Vitellius
694 2708 780 2790 apud
792 2705 914 2767 murres
