1950 3016
97 194 221 270 ωτι.)
298 205 379 251 arn.
399 205 433 250 v.
453 206 543 252 aar.
564 206 686 254 aen-ae.
848 201 898 257 tte

99 316 184 373 metu,
195 306 292 361 direxit
301 305 424 372 classem,
433 323 545 362 numero
554 307 685 378 inparem,
692 326 744 364 usu
752 310 896 382 remigum,

96 385 308 459 gubernatorum
331 389 400 447 arte,
425 382 535 436 navium
557 382 742 454 magnitudine
759 387 895 456 potiorem.

97 462 147 516 llis
158 457 258 512 llumen
269 455 431 524 secuudum;
452 456 494 511 illi
504 465 581 511 vento
590 457 745 529 agebantur.
768 457 813 513 Sie
822 476 899 530 prae-

73 582 76 589 .
99 533 178 598 vecti,
191 538 286 588 tentato
297 530 398 586 levium
408 530 520 586 telorum
530 532 611 595 iaetu,
622 530 796 589 dirimuntur.
825 532 897 588 Civi-

97 610 144 675 lis,
157 607 225 663 nihil
236 606 304 661 ultra
315 624 407 670 ausus,
419 613 491 660 trans
501 607 626 660 Rhenum
635 608 773 662 concessit.
811 606 899 662 Ceria-

97 685 143 751 lis,
155 680 275 739 insulam
283 681 442 735 Batavorum
456 681 585 736 hostiliter
595 681 747 753 populatus,
762 698 839 754 agros
848 681 900 736 vil-

98 761 195 830 lasque
205 755 300 813 Civilis
309 757 429 821 intactos,
441 764 500 811 nota
512 755 687 821 artedunum,
699 757 815 813 sinebat:
836 774 898 811 cum

97 833 218 897 iuterim,
240 830 311 886 llexu
325 832 448 885 autumni
462 839 488 886 et
504 831 604 886 crebris
617 849 665 903 per
678 831 794 887 hiemem
805 831 899 886 imbri-

97 905 898 979 bus,superlususamuispalustremhumilemqueinsulana

97 985 129 1041 in
140 983 234 1039 faeiem
248 983 335 1054 stagni
348 979 474 1052 opplevit.
514 981 670 1036 Neeolassis
680 991 725 1037 aut
735 990 899 1037 oommeatus

99 1059 222 1115 aderant:
248 1064 386 1127 castraque
399 1057 428 1110 in
442 1055 521 1128 plano
534 1057 598 1122 sita,
618 1059 646 1113 vi
660 1055 780 1113 lluminis
794 1057 899 1113 differe-

97 1135 207 1190 bantur.

96 1248 100 1255 .
154 1208 198 1265 al.
210 1207 330 1261 Potuisse
337 1213 401 1260 tunc
410 1205 525 1276 opprimi
536 1204 662 1278 legiones,
675 1213 701 1260 et
710 1205 826 1261 voluisse
832 1206 899 1261 Ger-

99 1299 206 1347 manos,
221 1280 268 1335 sed
282 1280 341 1336 dolo
354 1297 408 1335 ase
417 1279 507 1344 llexos,
519 1280 652 1349 inputavit
662 1278 766 1334 Civilis.
805 1281 899 1350 Neque

98 1358 224 1415 abhorret
234 1373 305 1421 vero,
322 1354 430 1427 quando
442 1353 535 1424 paucis
547 1361 607 1425 post
615 1353 711 1407 diebus
721 1353 818 1408 deditio
828 1355 900 1407 inse-

100 1440 162 1489 cuta
173 1439 222 1487 est.
262 1432 330 1485 Nam
344 1428 454 1485 Cerialis
473 1444 521 1500 per
538 1426 654 1482 occultos
673 1430 781 1482 nuntios
794 1427 899 1482 Batavis

99 1525 204 1583 paoem,
222 1505 301 1562 Civili
311 1506 417 1561 veniam
426 1509 570 1567 ostentans,
585 1501 711 1557 Veledam
721 1503 901 1573 propinquos-

98 1600 155 1657 que
164 1581 296 1645 mouebat,
307 1586 440 1649 [ortanam
450 1580 517 1640 belli,
529 1586 565 1631 tot
576 1581 693 1632 cladibus
703 1581 900 1644 adversam,op-

95 1667 212 1730 portatae
221 1658 415 1726 erpapepalam
424 1654 566 1708 hannonem
574 1657 783 1707 meritematare.
807 1651 900 1711 Caesae

101 1736 359 1798 remoraremur
372 1730 456 1790 Ubiae,
467 1737 580 1796 ereptam
590 1728 699 1782 Batavis
707 1731 837 1795 petriam:
853 1744 900 1783 ne-

99 1826 151 1879 que
164 1810 238 1862 eliud
255 1805 346 1861 (li-eilia
358 1807 476 1858 amicitia
488 1812 620 1870 paratam,
636 1820 714 1872 quem
725 1804 842 1865 vulnera,
856 1808 870 1871 J
886 1833 900 1844 -

99 1899 162 1953 poa,
187 1883 280 1936 laetae.
318 1880 431 1934 Exulem
448 1895 505 1931 eum
524 1887 548 1932 et
569 1887 700 1949 extorrem
718 1881 900 1947 recipientibus

100 1960 189 2012 oneri:
208 1964 233 2010 et
245 1959 311 2010 satie
321 1958 479 2022 peeeeeiaae,
494 1958 562 2022 quod
577 1958 668 2008 totiena
682 1954 795 2007 libanam
811 1961 899 2006 troas-

99 2035 255 2089 scanderent.
295 2029 326 2085 Si
340 2032 402 2097 qaid
415 2031 488 2082 altra
499 2031 649 2091 moliantur,
663 2031 722 2082 inde
735 2029 861 2081 iniuriam
876 2035 900 2080 et

101 2109 213 2175 eulpam,
224 2109 283 2159 ltine
294 2107 416 2158 ultionem
426 2111 450 2156 et
458 2107 518 2156 deos
529 2109 592 2172 [ore.

156 2184 199 2238 25.
229 2178 408 2234 Miscebantur
427 2177 508 2231 minis
528 2178 669 2249 promissa.
707 2175 750 2239 Et,
771 2191 899 2230 concussa

100 2254 366 2311 Transrhenanorum
376 2252 438 2317 fide,
449 2252 517 2306 inter
526 2252 637 2307 Batavos
646 2266 754 2322 quoque
763 2266 899 2303 sermones

100 2331 166 2387 orti:
187 2346 240 2383 aaa
246 2334 439 2398 prorepandam
448 2330 521 2381 ultra
529 2332 648 2381 ruinam:
667 2342 714 2378 nec
720 2342 795 2392 posse
804 2327 837 2378 ab
847 2342 900 2378 aaa

99 2410 206 2460 erutione
221 2409 299 2458 totius
312 2408 381 2458 orbis
395 2406 529 2457 servitium
542 2403 642 2469 depelli.
684 2399 752 2464 Quid
759 2405 900 2467 perfeetum

100 2484 179 2536 eaede
192 2489 217 2534 et
230 2483 356 2534 incertaiie
370 2482 504 2546 lepionam,
515 2480 568 2529 aiei
576 2484 606 2529 ut
612 2477 702 2542 plures
711 2476 900 2541 validioresque

99 2552 270 2613 orarentur?
290 2553 320 2608 Si
334 2554 489 2621 Vespasiano
504 2553 598 2605 bellora
606 2548 915 2610 aauaeertatweepasx-

90 2646 174 2682 anum
187 2645 275 2680 rerum
284 2632 386 2696 patiri,
406 2633 452 2685 eia
463 2632 599 2701 populant
608 2628 763 2684 Romanurn
772 2623 942 2676 urmaspro‘

79 2708 179 2762 eeemt,
201 2710 311 2767 quotam
326 2713 443 2774 partem
459 2711 577 2779 perraris
597 2706 719 2764 hamoni
732 2698 865 2754 heraeas
885 2695 946 2736 tw

678 2779 753 2852 llll.
