1950 3016
241 189 451 239 mehoous.
471 191 550 243 CAP.
571 191 612 241 2⁹.
632 189 673 237 ὅθ.
801 183 851 238 3ἳ9

55 309 106 351 nec
114 293 143 351 in
156 291 309 349 auctoribus
318 293 518 366 cognoscendis,
532 309 581 349 nen
591 293 620 349 in
629 291 774 351 evolvenda
782 294 852 349 anti-

56 370 167 443 quitate,
178 368 264 425 necin
274 368 365 425 notitia
375 367 416 425 rel
427 385 519 425 rerum
531 366 574 425 vel
583 368 724 425 hominum
734 369 776 425 rel
786 379 852 425 tem-

55 462 153 519 porum
162 444 228 501 eatis
237 460 331 515 operae
339 444 494 501 insumitur.

111 523 153 577 30.
173 518 404 590 Sedexpetuutur,
414 522 610 592 quoerietoros
619 525 726 575 vocant:
737 535 852 590 quorum

53 594 184 671 professio
192 594 299 668 quando
307 596 427 667 primum
437 597 465 651 in
476 594 544 651 hunc
554 594 648 651 urbem
657 594 803 650 introducta
808 595 852 660 sit,

54 687 194 746 quamque
213 669 315 727 nullam
334 670 407 742 apud
424 671 538 727 maiores
555 678 657 727 nostroe
675 670 854 725 auctoritatem

55 746 190 813 hebuerit,
203 748 292 803 statim
301 746 432 812 dicturus,
445 745 557 801 referam
569 763 677 803 necesse
686 752 728 800 est
733 746 854 801 animum

54 822 91 881 ad
102 840 163 881 eam
176 820 357 893 disciplinam,
371 839 425 894 qua
436 839 498 877 usos
508 839 566 877 esse
575 839 619 879 eos
628 829 744 879 oratores
753 821 855 891 aceepi-

55 917 134 965 mue,
148 914 263 971 quorum
277 896 399 953 infinitus
409 896 482 953 lubor
490 905 516 955 et
524 897 677 970 quotidiana
687 896 822 953 meditatio
831 903 856 951 et

54 975 85 1035 in
93 973 169 1033 omni
177 989 274 1048 genere
282 971 431 1029 studiorum
442 973 568 1029 adsiduae
577 973 774 1029 exercitationes
784 972 857 1044 ipso·

55 1068 119 1107 rum
132 1051 211 1107 etiam
226 1049 393 1104 mnhncntnr
408 1048 496 1107 libris.
534 1050 619 1105 Notus
628 1057 668 1105 est
677 1048 753 1105 vohis
762 1050 856 1121 utique

56 1125 190 1183 Ciceronis
201 1123 277 1189 liber,
287 1125 336 1196 qui
345 1125 443 1180 Brutus
452 1125 621 1193 inscribitur3
640 1126 669 1181 io
682 1126 761 1181 cuins
769 1133 856 1181 extre-

55 1218 101 1261 ma
115 1209 203 1273 parte,
218 1198 290 1272 (uam
302 1200 375 1271 prior
384 1201 659 1257 commemorationem
668 1209 787 1257 veterum
797 1216 857 1255 nra·

55 1284 144 1335 torum
158 1273 245 1347 habet)
259 1292 308 1331 sua
320 1275 406 1340 initia,
424 1293 488 1332 suos
496 1275 606 1349 gradus,
619 1291 684 1331 eune
693 1275 857 1346 eloquentiae

55 1352 131 1409 velut
143 1349 280 1424 quandam
294 1349 475 1407 educationem
490 1349 581 1406 refert:
602 1367 632 1405 ae
648 1350 761 1421 apudQ.
771 1349 858 1404 Muci·

56 1445 106 1485 um
119 1428 164 1483 ine
178 1425 406 1494 niviledidicisee3
425 1426 497 1498 apud
506 1425 643 1481 Philonem
656 1424 855 1489 Academicum,

56 1501 130 1578 epod
141 1501 282 1561 Diodotum
292 1501 411 1557 Stoicum
419 1519 512 1557 omnes
521 1501 704 1573 philosophiae
715 1509 802 1572 partes
811 1516 858 1571 pe·

56 1582 131 1637 nitus
144 1578 281 1633 hausisse:
303 1594 391 1649 neque
399 1576 444 1633 hie
455 1577 607 1633 doctoribus
616 1584 779 1640 contentum,
790 1592 858 1647 quo-

56 1673 119 1713 rum
140 1654 165 1709 ei
178 1652 254 1724 copia
267 1653 296 1709 in
313 1654 380 1711 urhe
398 1655 554 1727 contigerat,
569 1651 696 1708 Achaiam
709 1667 818 1723 quoque
833 1656 859 1704 et

56 1731 150 1789 Asiam
165 1744 334 1800 peragrasse,
345 1737 376 1786 ot
384 1746 490 1786 omnem
502 1729 623 1784 omnium
637 1727 735 1782 ortium
748 1727 859 1781 varieta-

55 1814 111 1865 tem
129 1802 354 1876 complecteretur.
392 1805 485 1876 ltaque
498 1802 609 1859 lleroule
622 1803 651 1859 in
665 1801 742 1857 libris
755 1800 859 1859 Cicero-

56 1884 100 1941 nis
118 1878 316 1952 deprehendere
328 1877 398 1946 lieet,
413 1897 467 1935 nnn
479 1878 646 1953 geometriae,
662 1895 716 1935 non
730 1879 856 1944 musicae,

55 1976 110 2017 non
128 1954 331 2030 grammaticae,
350 1973 403 2012 non
421 1955 537 2026 denique
550 1954 633 2011 ullius
649 1955 781 2028 ingenuae
794 1955 858 2009 artis

55 2033 196 2093 scientiam
209 2030 235 2085 ci
248 2029 374 2087 defuisse.
395 2030 442 2087 Ille
459 2029 609 2087 dinlecticee
619 2030 802 2094 subtilitatem,
814 2027 859 2083 ille

56 2107 167 2167 moralis
180 2107 264 2180 portio
277 2107 426 2172 utilitatem,
441 2105 488 2162 ille
496 2123 586 2162 rerum
597 2114 685 2163 motum
697 2120 859 2175 caussasque

56 2190 224 2259 cognoverat.
264 2181 302 2237 lia
325 2183 398 2239 enim
417 2189 466 2248 cet,
484 2183 578 2253 optimi
597 2182 660 2246 vicl,
675 2183 711 2236 ita
728 2198 761 2236 ex
775 2178 859 2235 multa

56 2261 208 2319 eruditione
220 2264 245 2313 et
259 2255 385 2329 plurimis
394 2257 496 2315 artibus
505 2264 531 2313 et
540 2258 662 2314 omnium
674 2273 764 2312 rernm
773 2256 860 2311 soien-

56 2339 96 2392 tia
104 2333 392 2390 exundetetexuherat
401 2331 446 2388 ille
454 2331 620 2389 admirabilis
629 2331 791 2405 eloquentis:
812 2348 860 2387 ne-

58 2408 233 2484 qneoratoris
243 2407 286 2463 vis
296 2416 322 2465 et
333 2407 453 2473 incultas,
465 2410 534 2463 sicut
546 2416 692 2463 ceterarum
704 2424 860 2471 rerum,an-

57 2485 147 2562 guetis
160 2490 188 2539 et
199 2483 327 2539 brevibus
340 2484 462 2539 terminis
475 2482 605 2551 cluditur;
624 2482 673 2538 eed
681 2483 706 2539 ie
715 2490 755 2537 est
763 2489 858 2546 ornmr,

59 2561 109 2636 qui
123 2560 157 2615 de
171 2557 246 2615 omui
259 2560 415 2630 quaestione
426 2558 518 2631 pulcre
532 2567 558 2616 et
568 2566 661 2615 ornute
671 2557 744 2612 etad
750 2572 871 2626 penaun-

56 2635 175 2692 dendnnr
188 2642 250 2706 apte
257 2633 354 2700 dicem,
368 2651 417 2708 pro
432 2635 567 2713 dignitate
574 2628 899 2697 ceremonensem

39 2708 206 2780 ΜΡΝ,
218 2725 284 2768 Μ
296 2709 439 2788 wluptate
448 2715 636 2775 audientium
640 2708 753 2786 pnoeit-
