1950 3016
234 233 442 282 aonrcona.
465 236 543 282 cnr.
563 238 587 282 a.
608 236 649 282 ro.
790 228 842 287 nr

95 338 121 391 9.
143 336 325 390 Revertentem
339 337 373 390 ab
390 335 518 409 legatione
532 335 644 409 legionis
657 337 684 392 d.
699 337 842 410 Vespasia-

49 430 92 467 rns
103 413 171 465 inter
180 412 305 482 patricios
314 410 436 476 adscivit,
449 428 479 465 ao
488 411 584 465 deinde
593 412 745 482 provinciae
755 411 841 485 Aqui-

50 488 127 540 aniae
142 486 305 557 praeposuit,
321 485 475 556 splendidae
490 487 518 539 in
529 487 626 557 primis
635 486 782 560 dignitatis,
794 486 842 541 ad-

49 562 235 616 uinistratione
249 578 279 614 ao
293 578 340 631 spe
355 560 518 625 consulatus,
530 561 574 615 eui
585 560 738 615 destinarat.
778 561 842 616 Cre-

48 637 107 690 lunt
116 635 248 707 plerique,
256 635 417 689 militaribus
426 635 543 709 ingeniis
552 635 725 690 subtilitatem
734 636 839 693 deesse:

47 711 104 784 ruia
118 712 260 765 castrensis
275 710 432 775 iurisdictio,
449 727 541 764 secura
556 711 709 766 etobtusior·
721 728 752 766 ao
763 711 841 782 plura

49 802 229 859 managons,
245 784 413 839 calliditatem
430 783 477 840 lori
489 803 540 840 non
551 795 678 840 exerceat.
718 784 840 860 Agricola

48 859 153 915 saturali
169 860 319 930 prudentia,
335 861 461 931 quamvis
471 861 541 914 inter
550 869 658 934 togatos,
671 860 747 916 lacila
757 862 842 916 iuste-

49 953 94 1008 pue
103 935 206 1008 agebat.
235 936 290 989 lam
302 952 363 989 vero
373 942 490 1005 tempora
501 953 625 990 curarum
636 936 841 991 remissionum-

49 1028 93 1082 pue
103 1011 200 1065 divisa.
222 1009 272 1064 Ubi
283 1018 429 1064 conventus
438 1027 469 1063 ao
478 1010 576 1065 iudicia
585 1020 731 1082 poscerent,
737 1012 838 1086 gravis.

49 1094 167 1149 mentua,
190 1101 310 1149 severus,
331 1093 356 1138 et
376 1085 483 1155 saepius
502 1086 667 1142 misericors:
688 1088 736 1142 ubi
753 1087 840 1142 olficio

49 1158 214 1223 satisfactum,
227 1158 299 1214 nulla
314 1159 381 1212 ultra
392 1161 527 1230 potestatis
537 1178 659 1231 persona.
694 1162 839 1216 Tristitiam

49 1244 63 1289 et
71 1235 254 1307 adrogantiam
270 1242 295 1288 et
305 1235 441 1287 avaritiam
452 1242 574 1288 eruerat:
596 1234 704 1301 necilli,
718 1236 791 1306 quod
801 1243 841 1289 est

49 1309 220 1373 rarissimum,
242 1317 287 1362 aut
307 1307 417 1362 facilitas
438 1309 628 1373 auctoritatem,
649 1316 695 1363 aut
713 1310 841 1363 severitas

49 1401 167 1448 imorem,
184 1383 324 1438 deminuit.
365 1384 542 1455 Integritatem
559 1390 639 1453 atqua
652 1383 840 1437 abstinentiam

49 1467 151 1514 atanto
161 1458 219 1513 viro
229 1458 440 1523 reserre‚iniuria
446 1458 577 1511 virtutum
589 1456 676 1512 luerit.
693 1459 732 1512 Ne
743 1455 840 1512 lamam

49 1534 161 1607 pidem,
182 1533 227 1587 cui
247 1534 325 1587 etiam
346 1550 424 1603 saepe
442 1531 505 1586 boni
520 1531 669 1604 indulgent,
688 1532 841 1587 ostentanda

49 1612 139 1664 a'rtute
148 1615 194 1663 aut
203 1625 250 1680 per
260 1616 343 1662 artem
353 1607 502 1680 quaesivit:
521 1607 612 1678 procul
623 1607 657 1660 ab
666 1606 843 1662 aemulatione

49 1685 170 1739 idversus
183 1682 317 1756 conlegas,
333 1680 426 1753 procul
439 1699 454 1736 a
466 1682 632 1736 contentione
641 1681 770 1737 adversus
780 1700 842 1755 pro-

49 1769 183 1814 :uretores
222 1759 257 1812 Et
270 1759 375 1812 vincere
388 1756 544 1830 inglorium,
561 1766 586 1811 et
598 1757 679 1812 adteri
690 1758 839 1820 sordidum.

49 1833 226 1889 irbitrabatur.
266 1833 357 1888 Minus
371 1833 517 1886 triennium
531 1833 559 1885 in
571 1848 599 1886 ea
611 1832 739 1906 legatione
749 1833 842 1888 deten-

49 1926 94 1974 us,
107 1909 236 1962 aestatim
247 1907 281 1961 ad
295 1924 370 1978 spem
381 1906 536 1962 consulatus
546 1917 683 1963 revocatus
694 1916 742 1975 est,
757 1909 842 1964 comi-

49 1990 111 2038 ante
122 1984 256 2054 opinione,
273 1982 435 2036 Britanniam
450 1983 474 2036 ei
488 1984 651 2053 provinciam
663 1983 735 2038 dari:
757 1982 841 2037 nullis

49 2057 129 2113 uhoo
138 2059 197 2112 suis
206 2057 387 2121 sermonibus,
397 2057 446 2111 sed
455 2058 519 2128 quia
529 2075 577 2128 par
587 2058 734 2113 videbatur.
764 2056 839 2110 Haud

49 2149 146 2205 emper
156 2140 224 2186 errat
235 2130 319 2199 lama;
340 2131 485 2202 aliquando
494 2139 519 2185 et
529 2131 616 2205 elegit.
657 2129 756 2186 Consul
767 2146 842 2203 egre-

49 2209 99 2280 giae
117 2215 176 2261 tum
196 2206 254 2278 spei
273 2206 356 2260 filiam
375 2208 467 2261 iuveni
486 2205 554 2260 mihi
572 2205 722 2276 despondit,
738 2221 769 2258 ae
782 2212 842 2274 post

49 2282 207 2338 presulatum
218 2281 374 2346 conlocavit,
386 2288 411 2336 et
420 2280 664 2336 stetimBr-itanniae
674 2279 841 2350 praepositus

49 2365 89 2423 et,
102 2357 204 2411 adiecto
213 2356 382 2427 pontificatus
392 2356 546 2410 sacerdotio.

96 2435 138 2486 te.
159 2432 310 2486 Britanniae
319 2431 402 2486 situm
414 2429 591 2502 populosque,
602 2426 696 2482 multis
706 2427 843 2498 soriptori-

49 2515 270 2572 rememoratae,
283 2524 336 2562 non
346 2508 375 2560 in
385 2505 608 2576 comparationem
618 2520 697 2557 curae
706 2502 842 2576 ingeniive

49 2581 162 2647 alaram,
175 2581 223 2636 sed
233 2583 297 2654 quia
307 2589 364 2636 tum
374 2582 493 2652 primum
506 2578 652 2651 perdomita
662 2584 711 2632 est.
750 2578 843 2648 ltaque

49 2674 110 2730 puae
119 2657 232 2728 priores,
240 2657 359 2711 nondum
369 2652 668 2726 comperta‚eloquentia
678 2651 841 2725 percoluere,

49 2749 132 2789 ’erum
143 2731 195 2786 lide
204 2731 349 2787 tradentur.
383 2729 528 2797 Britanma,
539 2726 857 2801 insularumuuusim·
878 2714 919 2846 1
