1950 3016
166 125 218 179 m
370 129 399 176 (l.
419 126 765 175 consummetur

167 228 384 299 sospcroestelle
393 229 493 285 milites
501 230 652 295 consectati,
668 228 881 302 expugnatione

167 305 202 368 is,
212 303 301 374 ipsun
309 304 440 360 coloniam
452 307 584 369 invasere,
595 313 627 359 ut
634 303 725 358 sodon
734 303 881 359 servitutis.

167 377 255 434 ullum
266 380 293 433 in
304 379 425 435 herberie
434 381 561 435 nevitiee
568 396 655 452 genus
663 380 756 434 omisit
764 379 804 433 in
812 384 838 432 et
846 377 881 433 vit

167 453 299 519 Quodnisi
308 455 458 520 Puulliuus,
478 457 584 529 cognito
592 455 745 525 provinciae
754 461 839 518 uhtu,
857 466 881 524 pt

167 529 347 596 subvenisset,
358 532 458 584 emim
467 530 602 585 Britannia
613 527 691 585 foret:
706 544 789 601 quom
798 528 881 583 unius

168 602 198 657 lii
213 603 318 659 lurtum
333 607 415 660 veteri
429 606 570 677 patientioe
582 605 711 668 restituit,
727 603 880 658 tenentibus

168 677 314 750 plerisque,
335 697 404 752 quos
423 681 583 736 mnsoiontie
601 678 756 734 delectionis
769 687 796 734 et
809 678 881 749 propi

168 752 254 826 legato
267 755 345 810 timor
354 755 479 828 ogitehot
517 756 567 809 llio
575 771 638 809 cum
648 755 772 828 egregius
783 763 878 818 cstm,

167 837 261 901 genter
278 830 307 883 in
326 828 439 894 deditos,
459 838 494 894 et,
513 838 544 884 ut
557 847 623 885 suec
636 845 745 900 quoque
758 828 875 883 iniuriae

167 903 264 957 durius
294 903 456 968 consuleret,
487 907 589 959 missus
616 905 755 959 Petronius
783 901 881 973 Turpil:

168 985 306 1047 tamquam
315 977 483 1043 exorabilior,
498 987 525 1033 et
533 979 638 1034 delictis
647 980 765 1035 hostium
775 995 873 1042 novus,

167 1051 343 1122 poenitentioe
360 1053 460 1118 mitior,
479 1055 633 1126 compositis
652 1054 797 1125 prioribus,
817 1052 881 1106 nihi]

168 1143 262 1191 ausus,
273 1126 405 1182 Trebellio
413 1128 531 1183 Maximo
540 1129 706 1200 provinciam
716 1127 833 1182 tradidit
861 1127 881 1180 T

169 1199 222 1255 lius
232 1203 349 1274 segnior,
360 1210 386 1258 et
395 1202 479 1257 nullis
486 1211 635 1258 castrorum
645 1203 845 1274 experimentis,
859 1217 881 1256 α

168 1283 194 1330 te
212 1276 330 1348 quedem
345 1277 457 1332 curandi
470 1278 636 1349 provinciam
650 1279 744 1332 tenuit.
783 1277 881 1331 Didioo

168 1350 274 1406 barbari
283 1369 393 1424 quoque
400 1354 546 1426 ignoscere,
558 1354 632 1407 vitiis
641 1352 851 1407 blandientibus.

168 1432 305 1481 mnenon
317 1427 439 1483 civilium
453 1443 589 1482 umorum
600 1427 722 1498 praebuit
730 1427 830 1481 iustum
840 1441 881 1500 sep

168 1501 375 1556 excusationem.
414 1501 467 1556 Sed
478 1501 609 1557 discordie
625 1500 781 1566 laboratum,
795 1517 859 1556 oum
873 1515 881 1554 t

168 1581 213 1628 tus
230 1575 445 1645 expeditionibus
464 1577 542 1631 miles
560 1577 614 1631 otio
626 1575 767 1631 lasciviret.
807 1575 881 1630 Trels

168 1647 231 1720 fuge
243 1665 282 1702 ec
300 1649 407 1705 latebris
421 1652 501 1706 vitate
518 1653 652 1706 exercituo
666 1651 716 1715 irc,
736 1650 880 1705 indecorus

167 1720 291 1786 humilis,
303 1725 421 1793 precerio
431 1743 495 1781 mox
504 1724 632 1797 prceluite
652 1741 684 1780 oo
693 1724 767 1780 velut
776 1726 856 1796 preti,
868 1742 881 1779 e

167 1795 568 1863 tuslioentinm,duxselutem.
606 1801 676 1855 llaec
685 1800 784 1854 seditio
789 1800 881 1854 sinese

168 1887 202 1925 ne
211 1870 291 1926 stetit.
331 1873 387 1927 Neo
400 1873 503 1930 Vettius
512 1874 637 1939 Bolanus,
652 1874 881 1929 manentibusedl

167 1945 269 2001 vilibus
278 1945 366 2012 bellis,
383 1949 493 2022 agitavit
501 1949 665 2004 Brittonism
675 1949 827 2021 discipline.
867 1950 881 2003 Ι

167 2023 261 2076 inertie
276 2038 337 2096 erge
352 2022 452 2088 hostes,
467 2023 567 2078 ciuilis
575 2024 720 2094 petulentia
731 2034 879 2079 castrorum

167 2096 240 2168 quod
253 2096 381 2152 innocens
394 2097 519 2162 Bolanus,
531 2107 557 2152 et
566 2099 649 2154 nullis
659 2099 762 2155 delictis
773 2100 880 2153 invisus

168 2179 246 2225 tatem
256 2180 394 2242 perureret
403 2171 459 2228 lcoc
468 2174 639 2228 auctoritatis.

224 2249 266 2302 Π.
286 2245 338 2300 Sed
358 2247 405 2302 ubi
424 2264 487 2302 cum
501 2257 586 2303 cetero
598 2248 663 2303 orbe
677 2248 860 2319 Vespasianus
873 2264 881 2302 t

167 2322 286 2375 leonium
301 2322 467 2392 reciperavit,
488 2324 580 2395 magni
594 2322 685 2388 duces,
707 2324 807 2396 egregii
825 2339 881 2377 exer

167 2396 271 2449 minute
282 2395 400 2450 hostium
410 2414 481 2467 spes.
521 2398 688 2452 deterrerem
699 2399 788 2452 stetim
800 2397 880 2452 intuli

168 2467 221 2524 lius
235 2469 356 2534 Cerialis,
370 2472 526 2543 Brigunturn
539 2472 682 2536 οἰνίῐιιειη,
698 2489 768 2544 quoe
779 2487 881 2526 numere

167 2560 211 2597 rna
229 2545 381 2614 provinciae
400 2548 481 2600 totius
503 2546 667 2618 perhibetur,
691 2547 843 2620 adgressus.

164 2617 277 2686 proelio,
294 2617 697 2692 utaliquandononincruerte:
719 2637 881 2694 rusguemqo
