<?xml version="1.0" encoding="UTF-8"?>
<!DOCTYPE html PUBLIC "-//W3C//DTD XHTML 1.0 Transitional//EN"
    "http://www.w3.org/TR/xhtml1/DTD/xhtml1-transitional.dtd">
<html xmlns="http://www.w3.org/1999/xhtml" xml:lang="en" lang="en">
 <head>
  <title>
</title>
<meta http-equiv="Content-Type" content="text/html;charset=utf-8" />
  <meta name='ocr-system' content='tesseract 3.04.00' />
  <meta name='ocr-capabilities' content='ocr_page ocr_carea ocr_par ocr_line ocrx_word'/>
</head>
<body>
  <div class='ocr_page' id='page_1' title='image "./ccorneliitaciti00weisgoog_0341.png"; bbox 0 0 1950 3016; ppageno 0'>
   <div class='ocr_carea' id='block_1_1' title="bbox 133 186 696 239">
    <p class='ocr_par' dir='ltr' id='par_1_1' title="bbox 133 186 696 239">
     <span class='ocr_line' id='line_1_1' title="bbox 133 186 696 239; baseline -0.023 9"><span class='ocrx_word' id='word_1_1' title='bbox 133 186 181 239; x_wconf 75' lang='lat'><strong>³38</strong></span> <span class='ocrx_word' id='word_1_2' title='bbox 368 189 420 235; x_wconf 74' lang='lat' dir='ltr'><strong>ns</strong></span> <span class='ocrx_word' id='word_1_3' title='bbox 438 188 696 235; x_wconf 80' lang='lat' dir='ltr'><strong>onarouraua-</strong></span> 
     </span>
    </p>
   </div>
   <div class='ocr_carea' id='block_1_2' title="bbox 108 287 973 2676">
    <p class='ocr_par' dir='ltr' id='par_1_2' title="bbox 108 287 973 2676">
     <span class='ocr_line' id='line_1_2' title="bbox 131 287 930 364; baseline 0.004 -20"><span class='ocrx_word' id='word_1_4' title='bbox 131 292 223 364; x_wconf 78' lang='lat' dir='ltr'><strong>puerit,</strong></span> <span class='ocrx_word' id='word_1_5' title='bbox 240 295 311 344; x_wconf 85' lang='lat' dir='ltr'><strong>tanto</strong></span> <span class='ocrx_word' id='word_1_6' title='bbox 325 288 401 344; x_wconf 89' lang='lat' dir='ltr'><strong>altior</strong></span> <span class='ocrx_word' id='word_1_7' title='bbox 410 297 437 344; x_wconf 87' lang='lat' dir='ltr'><strong>et</strong></span> <span class='ocrx_word' id='word_1_8' title='bbox 446 289 574 344; x_wconf 83' lang='lat' dir='ltr'><strong>excelsior</strong></span> <span class='ocrx_word' id='word_1_9' title='bbox 583 297 609 345; x_wconf 84' lang='lat' dir='ltr'><strong>et</strong></span> <span class='ocrx_word' id='word_1_10' title='bbox 620 289 677 344; x_wconf 90' lang='lat' dir='ltr'><strong>illis</strong></span> <span class='ocrx_word' id='word_1_11' title='bbox 686 287 824 347; x_wconf 82' lang='lat' dir='ltr'><strong>nobilitata</strong></span> <span class='ocrx_word' id='word_1_12' title='bbox 834 289 930 347; x_wconf 82' lang='lat' dir='ltr'><strong>disori-</strong></span> 
     </span>
     <span class='ocr_line' id='line_1_3' title="bbox 131 365 928 471; baseline 0.001 -50"><span class='ocrx_word' id='word_1_13' title='bbox 131 366 273 421; x_wconf 79' lang='lat' dir='ltr'><strong>minibus</strong></span> <span class='ocrx_word' id='word_1_14' title='bbox 267 383 293 418; x_wconf 89' lang='grc' dir='ltr'><strong>ιιι</strong></span> <span class='ocrx_word' id='word_1_15' title='bbox 308 382 353 418; x_wconf 88' lang='lat' dir='ltr'><strong>oro</strong></span> <span class='ocrx_word' id='word_1_16' title='bbox 367 365 507 419; x_wconf 88' lang='lat' dir='ltr'><strong>bominum</strong></span> <span class='ocrx_word' id='word_1_17' title='bbox 521 366 585 437; x_wconf 80' lang='lat' dir='ltr'><strong>agit,</strong></span> <span class='ocrx_word' id='word_1_18' title='bbox 606 382 723 436; x_wconf 89' lang='lat' dir='ltr'><strong>quorum</strong></span> <span class='ocrx_word' id='word_1_19' title='bbox 733 382 764 420; x_wconf 87' lang='lat' dir='ltr'><strong>ea</strong></span> <span class='ocrx_word' id='word_1_20' title='bbox 774 374 871 435; x_wconf 77' lang='lat' dir='ltr'><strong>natura</strong></span> <span class='ocrx_word' id='word_1_21' title='bbox 880 374 928 471; x_wconf 78' lang='lat' dir='ltr'><strong>est,</strong></span> 
     </span>
     <span class='ocr_line' id='line_1_4' title="bbox 131 438 822 496; baseline -0.001 0"><span class='ocrx_word' id='word_1_22' title='bbox 131 438 822 496; x_wconf 62' lang='lat' dir='ltr'><strong>membranulum&gt;</strong></span> 
     </span>
     <span class='ocr_line' id='line_1_5' title="bbox 184 512 930 571; baseline 0.003 -3.008"><span class='ocrx_word' id='word_1_23' title='bbox 184 519 229 568; x_wconf 80' lang='lat'><strong>38</strong></span> <span class='ocrx_word' id='word_1_24' title='bbox 250 513 409 568; x_wconf 86' lang='lat' dir='ltr'><strong>Transeead</strong></span> <span class='ocrx_word' id='word_1_25' title='bbox 423 512 535 569; x_wconf 88' lang='lat' dir='ltr'><strong>lormam</strong></span> <span class='ocrx_word' id='word_1_26' title='bbox 545 520 570 567; x_wconf 92' lang='lat' dir='ltr'><strong>et</strong></span> <span class='ocrx_word' id='word_1_27' title='bbox 578 513 800 568; x_wconf 87' lang='lat' dir='ltr'><strong>oonsuetudrnem</strong></span> <span class='ocrx_word' id='word_1_28' title='bbox 810 522 930 571; x_wconf 85' lang='lat' dir='ltr'><strong>veterum</strong></span> 
     </span>
     <span class='ocr_line' id='line_1_6' title="bbox 130 588 930 661; baseline 0.001 -17"><span class='ocrx_word' id='word_1_29' title='bbox 130 590 306 645; x_wconf 85' lang='lat' dir='ltr'><strong>iudiciorum:</strong></span> <span class='ocrx_word' id='word_1_30' title='bbox 328 591 456 659; x_wconf 86' lang='lat' dir='ltr'><strong>quaeetsi</strong></span> <span class='ocrx_word' id='word_1_31' title='bbox 467 589 785 658; x_wconf 83' lang='lat' dir='ltr'><strong>nuncaptiorestoiuitati</strong></span> <span class='ocrx_word' id='word_1_32' title='bbox 789 588 930 661; x_wconf 74' lang='lat' dir='ltr'><strong>,eloquem</strong></span> 
     </span>
     <span class='ocr_line' id='line_1_7' title="bbox 131 662 929 735; baseline 0.001 -16"><span class='ocrx_word' id='word_1_33' title='bbox 131 667 195 720; x_wconf 88' lang='lat' dir='ltr'><strong>tiam</strong></span> <span class='ocrx_word' id='word_1_34' title='bbox 209 674 298 718; x_wconf 84' lang='lat' dir='ltr'><strong>tamen</strong></span> <span class='ocrx_word' id='word_1_35' title='bbox 312 662 380 718; x_wconf 89' lang='lat' dir='ltr'><strong>illud</strong></span> <span class='ocrx_word' id='word_1_36' title='bbox 395 662 480 718; x_wconf 85' lang='lat' dir='ltr'><strong>iorum</strong></span> <span class='ocrx_word' id='word_1_37' title='bbox 494 666 580 735; x_wconf 77' lang='lat' dir='ltr'><strong>magis</strong></span> <span class='ocrx_word' id='word_1_38' title='bbox 590 663 755 727; x_wconf 61' lang='lat' dir='ltr'><strong>exercebat&#39;</strong></span> <span class='ocrx_word' id='word_1_39' title='bbox 747 681 777 718; x_wconf 90' lang='grc' dir='ltr'><strong>ιιι</strong></span> <span class='ocrx_word' id='word_1_40' title='bbox 787 681 843 735; x_wconf 91' lang='lat' dir='ltr'><strong>quo</strong></span> <span class='ocrx_word' id='word_1_41' title='bbox 854 682 929 720; x_wconf 86' lang='lat' dir='ltr'><strong>nemo</strong></span> 
     </span>
     <span class='ocr_line' id='line_1_8' title="bbox 131 738 929 810; baseline 0 -15"><span class='ocrx_word' id='word_1_42' title='bbox 131 741 199 795; x_wconf 84' lang='lat' dir='ltr'><strong>iutra</strong></span> <span class='ocrx_word' id='word_1_43' title='bbox 215 740 391 809; x_wconf 82' lang='lat' dir='ltr'><strong>paucissimas</strong></span> <span class='ocrx_word' id='word_1_44' title='bbox 406 739 483 793; x_wconf 88' lang='lat' dir='ltr'><strong>hores</strong></span> <span class='ocrx_word' id='word_1_45' title='bbox 494 755 614 809; x_wconf 86' lang='lat' dir='ltr'><strong>pemrare</strong></span> <span class='ocrx_word' id='word_1_46' title='bbox 623 738 775 810; x_wconf 78' lang='lat' dir='ltr'><strong>eogebatur,</strong></span> <span class='ocrx_word' id='word_1_47' title='bbox 787 747 823 793; x_wconf 77' lang='lat' dir='ltr'><strong>et</strong></span> <span class='ocrx_word' id='word_1_48' title='bbox 834 738 929 795; x_wconf 78' lang='lat' dir='ltr'><strong>liberae</strong></span> 
     </span>
     <span class='ocr_line' id='line_1_9' title="bbox 131 813 930 886; baseline -0.001 -16"><span class='ocrx_word' id='word_1_49' title='bbox 131 815 419 884; x_wconf 86' lang='lat' dir='ltr'><strong>oomperendiuationes</strong></span> <span class='ocrx_word' id='word_1_50' title='bbox 428 821 545 877; x_wconf 83' lang='lat' dir='ltr'><strong>erant,et</strong></span> <span class='ocrx_word' id='word_1_51' title='bbox 554 813 664 867; x_wconf 90' lang='lat' dir='ltr'><strong>modum</strong></span> <span class='ocrx_word' id='word_1_52' title='bbox 674 813 781 883; x_wconf 86' lang='lat' dir='ltr'><strong>dicendi</strong></span> <span class='ocrx_word' id='word_1_53' title='bbox 790 815 930 886; x_wconf 90' lang='lat' dir='ltr'><strong>sibiquis·</strong></span> 
     </span>
     <span class='ocr_line' id='line_1_10' title="bbox 130 887 929 962; baseline 0.003 -19"><span class='ocrx_word' id='word_1_54' title='bbox 130 907 185 962; x_wconf 85' lang='lat' dir='ltr'><strong>qua</strong></span> <span class='ocrx_word' id='word_1_55' title='bbox 198 889 329 950; x_wconf 78' lang='lat' dir='ltr'><strong>sumebat,</strong></span> <span class='ocrx_word' id='word_1_56' title='bbox 349 896 375 942; x_wconf 89' lang='lat' dir='ltr'><strong>et</strong></span> <span class='ocrx_word' id='word_1_57' title='bbox 389 905 519 943; x_wconf 86' lang='lat' dir='ltr'><strong>numerus</strong></span> <span class='ocrx_word' id='word_1_58' title='bbox 532 905 620 959; x_wconf 86' lang='lat' dir='ltr'><strong>neque</strong></span> <span class='ocrx_word' id='word_1_59' title='bbox 629 887 734 943; x_wconf 89' lang='lat' dir='ltr'><strong>dierum</strong></span> <span class='ocrx_word' id='word_1_60' title='bbox 744 905 835 959; x_wconf 89' lang='lat' dir='ltr'><strong>neque</strong></span> <span class='ocrx_word' id='word_1_61' title='bbox 843 900 929 960; x_wconf 71' lang='lat' dir='ltr'><strong>patro÷</strong></span> 
     </span>
     <span class='ocr_line' id='line_1_11' title="bbox 130 962 925 1020; baseline 0.001 -2"><span class='ocrx_word' id='word_1_62' title='bbox 130 981 226 1018; x_wconf 90' lang='lat' dir='ltr'><strong>norum</strong></span> <span class='ocrx_word' id='word_1_63' title='bbox 242 963 393 1016; x_wconf 87' lang='lat' dir='ltr'><strong>liniebatur.</strong></span> <span class='ocrx_word' id='word_1_64' title='bbox 434 964 542 1017; x_wconf 84' lang='lat' dir='ltr'><strong>Primus</strong></span> <span class='ocrx_word' id='word_1_65' title='bbox 556 962 622 1015; x_wconf 83' lang='lat' dir='ltr'><strong>haee</strong></span> <span class='ocrx_word' id='word_1_66' title='bbox 634 963 709 1017; x_wconf 81' lang='lat' dir='ltr'><strong>tertio</strong></span> <span class='ocrx_word' id='word_1_67' title='bbox 723 963 864 1018; x_wconf 84' lang='lat' dir='ltr'><strong>oonsulatu</strong></span> <span class='ocrx_word' id='word_1_68' title='bbox 879 964 925 1020; x_wconf 87' lang='lat' dir='ltr'><strong>Cu.</strong></span> 
     </span>
     <span class='ocr_line' id='line_1_12' title="bbox 130 1036 929 1123; baseline 0.003 -31"><span class='ocrx_word' id='word_1_69' title='bbox 130 1038 274 1106; x_wconf 80' lang='lat' dir='ltr'><strong>Pompeius</strong></span> <span class='ocrx_word' id='word_1_70' title='bbox 293 1037 448 1102; x_wconf 77' lang='lat' dir='ltr'><strong>adstrinxit,</strong></span> <span class='ocrx_word' id='word_1_71' title='bbox 473 1037 645 1123; x_wconf 77' lang='lat' dir='ltr'><strong>inposuitque</strong></span> <span class='ocrx_word' id='word_1_72' title='bbox 659 1036 747 1101; x_wconf 75' lang='lat' dir='ltr'><strong>veluti</strong></span> <span class='ocrx_word' id='word_1_73' title='bbox 767 1037 860 1094; x_wconf 77' lang='lat' dir='ltr'><strong>frenos</strong></span> <span class='ocrx_word' id='word_1_74' title='bbox 876 1039 929 1094; x_wconf 89' lang='lat' dir='ltr'><strong>elo-</strong></span> 
     </span>
     <span class='ocr_line' id='line_1_13' title="bbox 129 1110 926 1199; baseline 0.005 -35"><span class='ocrx_word' id='word_1_75' title='bbox 129 1113 264 1199; x_wconf 76' lang='lat' dir='ltr'><strong>quentiae,</strong></span> <span class='ocrx_word' id='word_1_76' title='bbox 284 1113 429 1175; x_wconf 85' lang='lat' dir='ltr'><strong>itatamen,</strong></span> <span class='ocrx_word' id='word_1_77' title='bbox 450 1119 480 1165; x_wconf 89' lang='lat' dir='ltr'><strong>ut</strong></span> <span class='ocrx_word' id='word_1_78' title='bbox 492 1112 620 1166; x_wconf 88' lang='lat' dir='ltr'><strong>omniain</strong></span> <span class='ocrx_word' id='word_1_79' title='bbox 631 1110 695 1175; x_wconf 89' lang='lat' dir='ltr'><strong>loro,</strong></span> <span class='ocrx_word' id='word_1_80' title='bbox 706 1113 797 1167; x_wconf 87' lang='lat' dir='ltr'><strong>omnia</strong></span> <span class='ocrx_word' id='word_1_81' title='bbox 814 1113 926 1187; x_wconf 78' lang='lat' dir='ltr'><strong>legibus,</strong></span> 
     </span>
     <span class='ocr_line' id='line_1_14' title="bbox 130 1186 927 1274; baseline 0.004 -33"><span class='ocrx_word' id='word_1_82' title='bbox 130 1187 219 1243; x_wconf 87' lang='lat' dir='ltr'><strong>omuia</strong></span> <span class='ocrx_word' id='word_1_83' title='bbox 238 1186 310 1257; x_wconf 89' lang='lat' dir='ltr'><strong>apud</strong></span> <span class='ocrx_word' id='word_1_84' title='bbox 330 1195 461 1273; x_wconf 84' lang='lat' dir='ltr'><strong>praetores</strong></span> <span class='ocrx_word' id='word_1_85' title='bbox 480 1193 648 1274; x_wconf 76' lang='lat' dir='ltr'><strong>gererentur.</strong></span> <span class='ocrx_word' id='word_1_86' title='bbox 669 1187 744 1256; x_wconf 84' lang='lat' dir='ltr'><strong>apud</strong></span> <span class='ocrx_word' id='word_1_87' title='bbox 751 1205 821 1258; x_wconf 89' lang='lat' dir='ltr'><strong>quos</strong></span> <span class='ocrx_word' id='word_1_88' title='bbox 831 1198 927 1260; x_wconf 86' lang='lat' dir='ltr'><strong>quanto</strong></span> 
     </span>
     <span class='ocr_line' id='line_1_15' title="bbox 130 1259 926 1333; baseline 0.004 -17"><span class='ocrx_word' id='word_1_89' title='bbox 130 1264 229 1317; x_wconf 87' lang='lat' dir='ltr'><strong>maiora</strong></span> <span class='ocrx_word' id='word_1_90' title='bbox 242 1262 354 1333; x_wconf 82' lang='lat' dir='ltr'><strong>negotia</strong></span> <span class='ocrx_word' id='word_1_91' title='bbox 372 1261 437 1315; x_wconf 90' lang='lat' dir='ltr'><strong>olim</strong></span> <span class='ocrx_word' id='word_1_92' title='bbox 451 1278 568 1315; x_wconf 80' lang='lat' dir='ltr'><strong>exerceri</strong></span> <span class='ocrx_word' id='word_1_93' title='bbox 561 1259 658 1315; x_wconf 90' lang='lat' dir='ltr'><strong>solita</strong></span> <span class='ocrx_word' id='word_1_94' title='bbox 673 1262 736 1325; x_wconf 90' lang='lat' dir='ltr'><strong>sint,</strong></span> <span class='ocrx_word' id='word_1_95' title='bbox 758 1263 831 1333; x_wconf 93' lang='lat' dir='ltr'><strong>quod</strong></span> <span class='ocrx_word' id='word_1_96' title='bbox 842 1266 926 1318; x_wconf 87' lang='lat' dir='ltr'><strong>maius</strong></span> 
     </span>
     <span class='ocr_line' id='line_1_16' title="bbox 130 1335 924 1410; baseline -0.001 -17"><span class='ocrx_word' id='word_1_97' title='bbox 130 1345 318 1410; x_wconf 76' lang='lat' dir='ltr'><strong>augumentum</strong></span> <span class='ocrx_word' id='word_1_98' title='bbox 333 1343 381 1399; x_wconf 87' lang='lat' dir='ltr'><strong>est,</strong></span> <span class='ocrx_word' id='word_1_99' title='bbox 400 1335 484 1407; x_wconf 85' lang='lat' dir='ltr'><strong>quarn</strong></span> <span class='ocrx_word' id='word_1_100' title='bbox 499 1335 572 1406; x_wconf 91' lang='lat' dir='ltr'><strong>quod</strong></span> <span class='ocrx_word' id='word_1_101' title='bbox 586 1353 696 1390; x_wconf 77' lang='lat' dir='ltr'><strong>mussas</strong></span> <span class='ocrx_word' id='word_1_102' title='bbox 708 1339 924 1404; x_wconf 85' lang='lat' dir='ltr'><strong>oentumvirales,</strong></span> 
     </span>
     <span class='ocr_line' id='line_1_17' title="bbox 130 1411 926 1484; baseline 0.005 -20"><span class='ocrx_word' id='word_1_103' title='bbox 130 1429 200 1484; x_wconf 86' lang='lat' dir='ltr'><strong>quae</strong></span> <span class='ocrx_word' id='word_1_104' title='bbox 210 1429 281 1465; x_wconf 89' lang='lat' dir='ltr'><strong>nuno</strong></span> <span class='ocrx_word' id='word_1_105' title='bbox 292 1412 408 1482; x_wconf 89' lang='lat' dir='ltr'><strong>primum</strong></span> <span class='ocrx_word' id='word_1_106' title='bbox 417 1411 537 1465; x_wconf 86' lang='lat' dir='ltr'><strong>obtinent</strong></span> <span class='ocrx_word' id='word_1_107' title='bbox 548 1411 644 1475; x_wconf 72' lang='lat' dir='ltr'><strong>boum,</strong></span> <span class='ocrx_word' id='word_1_108' title='bbox 657 1411 721 1466; x_wconf 83' lang='lat' dir='ltr'><strong>adeo</strong></span> <span class='ocrx_word' id='word_1_109' title='bbox 730 1411 872 1482; x_wconf 86' lang='lat' dir='ltr'><strong>splendore</strong></span> <span class='ocrx_word' id='word_1_110' title='bbox 880 1413 926 1468; x_wconf 88' lang='lat' dir='ltr'><strong>ali·</strong></span> 
     </span>
     <span class='ocr_line' id='line_1_18' title="bbox 129 1485 927 1556; baseline 0.001 -14"><span class='ocrx_word' id='word_1_111' title='bbox 129 1504 206 1543; x_wconf 89' lang='lat' dir='ltr'><strong>orum</strong></span> <span class='ocrx_word' id='word_1_112' title='bbox 217 1487 377 1540; x_wconf 85' lang='lat' dir='ltr'><strong>iudiciorum</strong></span> <span class='ocrx_word' id='word_1_113' title='bbox 387 1486 577 1550; x_wconf 77' lang='lat' dir='ltr'><strong>obruebantur,</strong></span> <span class='ocrx_word' id='word_1_114' title='bbox 589 1493 619 1539; x_wconf 92' lang='lat' dir='ltr'><strong>ut</strong></span> <span class='ocrx_word' id='word_1_115' title='bbox 628 1503 714 1556; x_wconf 83' lang='lat' dir='ltr'><strong>neque</strong></span> <span class='ocrx_word' id='word_1_116' title='bbox 725 1485 870 1551; x_wconf 87' lang='lat' dir='ltr'><strong>Cioerouis,</strong></span> <span class='ocrx_word' id='word_1_117' title='bbox 882 1505 927 1543; x_wconf 89' lang='lat' dir='ltr'><strong>ne-</strong></span> 
     </span>
     <span class='ocr_line' id='line_1_19' title="bbox 130 1559 924 1633; baseline 0.003 -17"><span class='ocrx_word' id='word_1_118' title='bbox 130 1578 184 1633; x_wconf 91' lang='lat' dir='ltr'><strong>que</strong></span> <span class='ocrx_word' id='word_1_119' title='bbox 199 1561 328 1626; x_wconf 79' lang='lat' dir='ltr'><strong>Caesaris,</strong></span> <span class='ocrx_word' id='word_1_120' title='bbox 346 1577 433 1632; x_wconf 90' lang='lat' dir='ltr'><strong>neque</strong></span> <span class='ocrx_word' id='word_1_121' title='bbox 447 1561 531 1625; x_wconf 73' lang='lat' dir='ltr'><strong>Bruti,</strong></span> <span class='ocrx_word' id='word_1_122' title='bbox 543 1577 630 1631; x_wconf 90' lang='lat' dir='ltr'><strong>neque</strong></span> <span class='ocrx_word' id='word_1_123' title='bbox 640 1559 732 1624; x_wconf 85' lang='lat' dir='ltr'><strong>Coelii,</strong></span> <span class='ocrx_word' id='word_1_124' title='bbox 743 1579 833 1632; x_wconf 87' lang='lat' dir='ltr'><strong>neque</strong></span> <span class='ocrx_word' id='word_1_125' title='bbox 842 1562 924 1629; x_wconf 84' lang='lat' dir='ltr'><strong>Calui,</strong></span> 
     </span>
     <span class='ocr_line' id='line_1_20' title="bbox 130 1634 928 1708; baseline 0.001 -17"><span class='ocrx_word' id='word_1_126' title='bbox 130 1654 182 1692; x_wconf 87' lang='lat' dir='ltr'><strong>non</strong></span> <span class='ocrx_word' id='word_1_127' title='bbox 192 1637 314 1707; x_wconf 86' lang='lat' dir='ltr'><strong>&#39;denique</strong></span> <span class='ocrx_word' id='word_1_128' title='bbox 330 1635 412 1690; x_wconf 91' lang='lat' dir='ltr'><strong>ullius</strong></span> <span class='ocrx_word' id='word_1_129' title='bbox 425 1637 517 1708; x_wconf 79' lang='lat' dir='ltr'><strong>magni</strong></span> <span class='ocrx_word' id='word_1_130' title='bbox 531 1635 641 1690; x_wconf 88' lang='lat' dir='ltr'><strong>oratoris</strong></span> <span class='ocrx_word' id='word_1_131' title='bbox 651 1634 717 1689; x_wconf 86' lang='lat' dir='ltr'><strong>liber</strong></span> <span class='ocrx_word' id='word_1_132' title='bbox 726 1636 799 1706; x_wconf 91' lang='lat' dir='ltr'><strong>apud</strong></span> <span class='ocrx_word' id='word_1_133' title='bbox 808 1646 928 1692; x_wconf 85' lang='lat' dir='ltr'><strong>eentum·</strong></span> 
     </span>
     <span class='ocr_line' id='line_1_21' title="bbox 130 1709 928 1784; baseline -0.001 -17"><span class='ocrx_word' id='word_1_134' title='bbox 130 1713 202 1767; x_wconf 85' lang='lat' dir='ltr'><strong>viros</strong></span> <span class='ocrx_word' id='word_1_135' title='bbox 215 1712 303 1764; x_wconf 87' lang='lat' dir='ltr'><strong>dictus</strong></span> <span class='ocrx_word' id='word_1_136' title='bbox 319 1710 429 1782; x_wconf 82' lang='lat' dir='ltr'><strong>legatur,</strong></span> <span class='ocrx_word' id='word_1_137' title='bbox 445 1711 562 1780; x_wconf 81' lang='lat' dir='ltr'><strong>exceptis</strong></span> <span class='ocrx_word' id='word_1_138' title='bbox 571 1709 735 1765; x_wconf 88' lang='lat' dir='ltr'><strong>orationibus</strong></span> <span class='ocrx_word' id='word_1_139' title='bbox 744 1711 843 1776; x_wconf 85' lang='lat' dir='ltr'><strong>Asinii,</strong></span> <span class='ocrx_word' id='word_1_140' title='bbox 859 1729 928 1784; x_wconf 85' lang='lat' dir='ltr'><strong>quae</strong></span> 
     </span>
     <span class='ocr_line' id='line_1_22' title="bbox 125 1784 927 1857; baseline 0.005 -20"><span class='ocrx_word' id='word_1_141' title='bbox 125 1803 178 1856; x_wconf 83' lang='lat' dir='ltr'><strong>pro</strong></span> <span class='ocrx_word' id='word_1_142' title='bbox 199 1789 350 1838; x_wconf 72' lang='lat' dir='ltr'><strong>haeredibus</strong></span> <span class='ocrx_word' id='word_1_143' title='bbox 363 1787 487 1839; x_wconf 64' lang='lat' dir='ltr'><strong>Urbinia</strong></span> <span class='ocrx_word' id='word_1_144' title='bbox 500 1786 694 1848; x_wconf 81' lang='lat' dir='ltr'><strong>inscribuntur,</strong></span> <span class='ocrx_word' id='word_1_145' title='bbox 718 1784 751 1839; x_wconf 91' lang='lat' dir='ltr'><strong>ab</strong></span> <span class='ocrx_word' id='word_1_146' title='bbox 766 1787 827 1857; x_wconf 89' lang='lat' dir='ltr'><strong>ipso</strong></span> <span class='ocrx_word' id='word_1_147' title='bbox 840 1795 927 1841; x_wconf 75' lang='lat' dir='ltr'><strong>mmen</strong></span> 
     </span>
     <span class='ocr_line' id='line_1_23' title="bbox 129 1859 928 1946; baseline 0.001 -32"><span class='ocrx_word' id='word_1_148' title='bbox 129 1859 246 1914; x_wconf 86' lang='lat' dir='ltr'><strong>Pollione</strong></span> <span class='ocrx_word' id='word_1_149' title='bbox 257 1860 352 1913; x_wconf 88' lang='lat' dir='ltr'><strong>mediis</strong></span> <span class='ocrx_word' id='word_1_150' title='bbox 362 1860 417 1913; x_wconf 87' lang='lat' dir='ltr'><strong>divi</strong></span> <span class='ocrx_word' id='word_1_151' title='bbox 428 1859 543 1932; x_wconf 78' lang='lat' dir='ltr'><strong>Augusti</strong></span> <span class='ocrx_word' id='word_1_152' title='bbox 553 1859 718 1946; x_wconf 83' lang='lat' dir='ltr'><strong>temporibus</strong></span> <span class='ocrx_word' id='word_1_153' title='bbox 726 1859 834 1915; x_wconf 89' lang='lat' dir='ltr'><strong>habitae</strong></span> <span class='ocrx_word' id='word_1_154' title='bbox 835 1869 928 1932; x_wconf 86' lang='lat' dir='ltr'><strong>,post-</strong></span> 
     </span>
     <span class='ocr_line' id='line_1_24' title="bbox 128 1933 928 2007; baseline 0.004 -19"><span class='ocrx_word' id='word_1_155' title='bbox 128 1952 212 2007; x_wconf 89' lang='lat' dir='ltr'><strong>quam</strong></span> <span class='ocrx_word' id='word_1_156' title='bbox 228 1933 304 2007; x_wconf 81' lang='lat' dir='ltr'><strong>longa</strong></span> <span class='ocrx_word' id='word_1_157' title='bbox 320 1942 469 2004; x_wconf 87' lang='lat' dir='ltr'><strong>temporum</strong></span> <span class='ocrx_word' id='word_1_158' title='bbox 483 1936 560 2005; x_wconf 84' lang='lat' dir='ltr'><strong>quies</strong></span> <span class='ocrx_word' id='word_1_159' title='bbox 574 1934 765 1988; x_wconf 86' lang='lat' dir='ltr'><strong>etoontinuum</strong></span> <span class='ocrx_word' id='word_1_160' title='bbox 776 1934 973 2006; x_wconf 88' lang='lat' dir='ltr'><strong>popuiioti·</strong></span> 
     </span>
     <span class='ocr_line' id='line_1_25' title="bbox 129 2008 973 2082; baseline 0.006 -18"><span class='ocrx_word' id='word_1_161' title='bbox 129 2028 177 2065; x_wconf 88' lang='lat' dir='ltr'><strong>um</strong></span> <span class='ocrx_word' id='word_1_162' title='bbox 188 2019 213 2064; x_wconf 88' lang='lat' dir='ltr'><strong>et</strong></span> <span class='ocrx_word' id='word_1_163' title='bbox 223 2009 333 2063; x_wconf 86' lang='lat' dir='ltr'><strong>adsrdua</strong></span> <span class='ocrx_word' id='word_1_164' title='bbox 343 2017 451 2062; x_wconf 88' lang='lat' dir='ltr'><strong>senatus</strong></span> <span class='ocrx_word' id='word_1_165' title='bbox 461 2008 927 2082; x_wconf 79' lang='lat' dir='ltr'><strong>tranquillrtasotmaxrmrprrnorprs</strong></span> <span class='ocrx_word' id='word_1_166' title='bbox 970 2030 973 2069; x_wconf 92' lang='lat'>:</span> 
     </span>
     <span class='ocr_line' id='line_1_26' title="bbox 129 2083 973 2156; baseline 0.002 -16"><span class='ocrx_word' id='word_1_167' title='bbox 129 2083 287 2155; x_wconf 86' lang='lat' dir='ltr'><strong>discipliua&#39;</strong></span> <span class='ocrx_word' id='word_1_168' title='bbox 282 2101 366 2154; x_wconf 88' lang='lat' dir='ltr'><strong>rpsarn</strong></span> <span class='ocrx_word' id='word_1_169' title='bbox 374 2083 679 2156; x_wconf 87' lang='lat' dir='ltr'><strong>quoqueeloqueutiam,</strong></span> <span class='ocrx_word' id='word_1_170' title='bbox 687 2084 926 2152; x_wconf 82' lang='lat' dir='ltr'><strong>sioutomniaalia,</strong></span> <span class='ocrx_word' id='word_1_171' title='bbox 970 2102 973 2111; x_wconf 93' lang='grc'><strong><em>·</em></strong></span> 
     </span>
     <span class='ocr_line' id='line_1_27' title="bbox 149 2167 277 2214; baseline -0.017 0"><span class='ocrx_word' id='word_1_172' title='bbox 149 2167 277 2214; x_wconf 88' lang='lat' dir='ltr'><strong>aoaverat.</strong></span> 
     </span>
     <span class='ocr_line' id='line_1_28' title="bbox 128 2178 928 2306; baseline 0.004 -19"><span class='ocrx_word' id='word_1_173' title='bbox 128 2178 147 2232; x_wconf 73' lang='lat' dir='ltr'>p</span> <span class='ocrx_word' id='word_1_174' title='bbox 185 2238 227 2288; x_wconf 84' lang='grc'><strong>39.</strong></span> <span class='ocrx_word' id='word_1_175' title='bbox 249 2235 364 2288; x_wconf 86' lang='lat' dir='ltr'><strong>Parvum</strong></span> <span class='ocrx_word' id='word_1_176' title='bbox 378 2241 404 2288; x_wconf 92' lang='lat' dir='ltr'><strong>et</strong></span> <span class='ocrx_word' id='word_1_177' title='bbox 418 2232 564 2288; x_wconf 84' lang='lat' dir='ltr'><strong>ridiculum</strong></span> <span class='ocrx_word' id='word_1_178' title='bbox 580 2232 688 2288; x_wconf 84' lang='lat' dir='ltr'><strong>fortasse</strong></span> <span class='ocrx_word' id='word_1_179' title='bbox 701 2200 875 2306; x_wconf 80' lang='lat' dir='ltr'><strong>videbitur,q</strong></span> <span class='ocrx_word' id='word_1_180' title='bbox 877 2234 928 2290; x_wconf 92' lang='lat' dir='ltr'><strong>uod</strong></span> 
     </span>
     <span class='ocr_line' id='line_1_29' title="bbox 128 2307 925 2374; baseline -0.003 -9"><span class='ocrx_word' id='word_1_181' title='bbox 128 2311 250 2365; x_wconf 87' lang='lat' dir='ltr'><strong>dicturus</strong></span> <span class='ocrx_word' id='word_1_182' title='bbox 274 2326 351 2363; x_wconf 90' lang='lat' dir='ltr'><strong>sum:</strong></span> <span class='ocrx_word' id='word_1_183' title='bbox 382 2308 468 2363; x_wconf 84' lang='lat' dir='ltr'><strong>dicam</strong></span> <span class='ocrx_word' id='word_1_184' title='bbox 491 2317 588 2372; x_wconf 85' lang='lat' dir='ltr'><strong>tamen,</strong></span> <span class='ocrx_word' id='word_1_185' title='bbox 609 2307 729 2374; x_wconf 85' lang='lat' dir='ltr'><strong>velideo,</strong></span> <span class='ocrx_word' id='word_1_186' title='bbox 751 2316 782 2363; x_wconf 89' lang='lat' dir='ltr'><strong>ut</strong></span> <span class='ocrx_word' id='word_1_187' title='bbox 800 2309 925 2365; x_wconf 87' lang='lat' dir='ltr'><strong>rideatur.</strong></span> 
     </span>
     <span class='ocr_line' id='line_1_30' title="bbox 129 2383 927 2455; baseline 0 -17"><span class='ocrx_word' id='word_1_188' title='bbox 129 2385 266 2451; x_wconf 86' lang='lat' dir='ltr'><strong>Quantum</strong></span> <span class='ocrx_word' id='word_1_189' title='bbox 286 2383 445 2438; x_wconf 88' lang='lat' dir='ltr'><strong>humilitatis</strong></span> <span class='ocrx_word' id='word_1_190' title='bbox 467 2391 593 2455; x_wconf 89' lang='lat' dir='ltr'><strong>putamus</strong></span> <span class='ocrx_word' id='word_1_191' title='bbox 615 2383 782 2454; x_wconf 85' lang='lat' dir='ltr'><strong>eloquentiae</strong></span> <span class='ocrx_word' id='word_1_192' title='bbox 800 2384 927 2440; x_wconf 88' lang='lat' dir='ltr'><strong>adtulisse</strong></span> 
     </span>
     <span class='ocr_line' id='line_1_31' title="bbox 127 2457 927 2531; baseline 0.003 -19"><span class='ocrx_word' id='word_1_193' title='bbox 127 2457 256 2531; x_wconf 85' lang='lat' dir='ltr'><strong>paenulas</strong></span> <span class='ocrx_word' id='word_1_194' title='bbox 268 2461 341 2522; x_wconf 89' lang='lat' dir='ltr'><strong>istas,</strong></span> <span class='ocrx_word' id='word_1_195' title='bbox 353 2458 454 2530; x_wconf 87' lang='lat' dir='ltr'><strong>quibus</strong></span> <span class='ocrx_word' id='word_1_196' title='bbox 464 2459 581 2512; x_wconf 89' lang='lat' dir='ltr'><strong>adstricti</strong></span> <span class='ocrx_word' id='word_1_197' title='bbox 591 2467 617 2513; x_wconf 87' lang='lat' dir='ltr'><strong>et</strong></span> <span class='ocrx_word' id='word_1_198' title='bbox 626 2458 699 2512; x_wconf 86' lang='lat' dir='ltr'><strong>uelut</strong></span> <span class='ocrx_word' id='word_1_199' title='bbox 709 2457 808 2513; x_wconf 85' lang='lat' dir='ltr'><strong>inclusi</strong></span> <span class='ocrx_word' id='word_1_200' title='bbox 818 2461 927 2514; x_wconf 87' lang='lat' dir='ltr'><strong>onmiu-</strong></span> 
     </span>
     <span class='ocr_line' id='line_1_32' title="bbox 119 2531 927 2608; baseline -0.002 -18"><span class='ocrx_word' id='word_1_201' title='bbox 119 2535 231 2591; x_wconf 82' lang='lat' dir='ltr'><strong>dr&#39;cr&#39;bus</strong></span> <span class='ocrx_word' id='word_1_202' title='bbox 252 2531 423 2591; x_wconf 82' lang='lat' dir='ltr'><strong>fabulamur‘l</strong></span> <span class='ocrx_word' id='word_1_203' title='bbox 441 2542 572 2608; x_wconf 88' lang='lat' dir='ltr'><strong>quantum</strong></span> <span class='ocrx_word' id='word_1_204' title='bbox 593 2534 694 2588; x_wconf 86' lang='lat' dir='ltr'><strong>uirium</strong></span> <span class='ocrx_word' id='word_1_205' title='bbox 707 2533 855 2589; x_wconf 87' lang='lat' dir='ltr'><strong>detraxisse</strong></span> <span class='ocrx_word' id='word_1_206' title='bbox 871 2551 927 2590; x_wconf 89' lang='lat' dir='ltr'><strong>ora-</strong></span> 
     </span>
     <span class='ocr_line' id='line_1_33' title="bbox 108 2608 927 2676; baseline -0.005 -10"><span class='ocrx_word' id='word_1_207' title='bbox 108 2613 181 2668; x_wconf 87' lang='lat' dir='ltr'><strong>tioni</strong></span> <span class='ocrx_word' id='word_1_208' title='bbox 195 2613 337 2672; x_wconf 83' lang='lat' dir='ltr'><strong>auditoria</strong></span> <span class='ocrx_word' id='word_1_209' title='bbox 348 2623 375 2672; x_wconf 87' lang='lat' dir='ltr'><strong>et</strong></span> <span class='ocrx_word' id='word_1_210' title='bbox 385 2612 523 2672; x_wconf 85' lang='lat' dir='ltr'><strong>tabularia</strong></span> <span class='ocrx_word' id='word_1_211' title='bbox 530 2608 927 2676; x_wconf 62' lang='lat' dir='ltr'><strong>aredrrauatnqubusuuts</strong></span> 
     </span>
    </p>
   </div>
   <div class='ocr_carea' id='block_1_3' title="bbox 94 2679 947 2774">
    <p class='ocr_par' dir='ltr' id='par_1_3' title="bbox 94 2679 947 2774">
     <span class='ocr_line' id='line_1_34' title="bbox 94 2679 947 2774; baseline -0.056 0"><span class='ocrx_word' id='word_1_212' title='bbox 94 2703 132 2744; x_wconf 58' lang='grc' dir='ltr'><strong>’Β</strong></span> <span class='ocrx_word' id='word_1_213' title='bbox 148 2690 303 2770; x_wconf 73' lang='lat' dir='ltr'><strong>Plurimae</strong></span> <span class='ocrx_word' id='word_1_214' title='bbox 318 2714 440 2761; x_wconf 75' lang='lat' dir='ltr'><strong>,caussae</strong></span> <span class='ocrx_word' id='word_1_215' title='bbox 453 2683 650 2774; x_wconf 69' lang='lat' dir='ltr'><strong>explroautmi</strong></span> <span class='ocrx_word' id='word_1_216' title='bbox 669 2679 947 2765; x_wconf 53' lang='lat' dir='ltr'><strong>uumquemque»</strong></span> 
     </span>
    </p>
   </div>
   <div class='ocr_carea' id='block_1_4' title="bbox 0 0 980 3016">
    <p class='ocr_par' dir='ltr' id='par_1_4' title="bbox 0 0 980 3016">
     <span class='ocr_line' id='line_1_35' title="bbox 0 0 980 3016; baseline 0 0"><span class='ocrx_word' id='word_1_217' title='bbox 0 0 980 3016; x_wconf 95' lang='lat' dir='ltr'><strong> </strong></span> 
     </span>
    </p>
   </div>
  </div>
 </body>
</html>
