1950 3016
98 193 233 269 nnn.)
321 204 400 251 ιη.
419 203 451 251 v.
472 205 560 252 cna.
580 200 668 254 t—t.
845 202 891 257 stt

100 305 291 360 ttoontmuum
301 320 350 358 sex
359 303 464 359 dierum
474 305 524 359 iter
538 306 650 371 emensi,
671 307 793 378 septimo,
808 307 896 380 pulsis

101 379 256 445 cultoribus,
270 379 409 434 obtinuere
422 387 514 446 urnas,
530 381 558 434 in
573 381 637 452 quis
651 381 717 436 urbs
731 391 756 437 et
765 384 896 456 templum

100 454 194 510 dicata.
277 454 280 459 ’

152 533 179 585 l.
199 529 315 602 Moyses,
331 528 451 600 quesibi
464 528 493 583 in
507 536 642 600 posterum
652 538 758 603 gentem
770 530 894 598 firmaret,

100 621 182 659 novos
200 605 267 658 ritus
286 604 484 675 eontrariosque
502 607 596 658 esteris
616 605 772 661 mortalibus
789 606 894 661 indidit.

99 679 208 734 Prolana
219 678 274 733 illio
283 678 382 742 omnia,
394 695 464 750 quae
473 678 546 750 apud
556 697 603 733 uos
613 697 701 734 sacra:
715 697 824 734 rursum
835 697 898 734 oon·

100 770 171 809 sessa
182 753 252 823 apud
262 753 332 816 illos,
346 769 416 824 quae
425 752 501 808 nobis
512 757 620 808 incesta.
659 754 784 828 Effigiem
794 756 898 809 anima·

99 827 204 900 linquo
213 836 374 881 monstrante
383 845 497 882 errorem
507 829 636 900 sitimque
644 828 808 900 depulerant.
816 847 898 901 pene·

98 902 156 958 trali
177 919 327 957 sacravere:
357 919 433 957 caeso
455 904 548 967 ariete,
570 903 688 958 velutin
709 905 895 959 contumeliam

98 979 263 1033 llammonis.
302 977 353 1030 llos
372 994 480 1048 quoque
498 977 651 1043 inmolatur,
672 997 754 1051 quem
771 979 896 1052 Aegyptii

99 1052 168 1122 Apin
178 1051 278 1107 nolunt.
300 1050 355 1105 Sue
363 1052 504 1116 abstinent,
517 1055 644 1107 memoria
654 1054 812 1126 cladisque
823 1056 896 1124 ipsos

98 1128 200 1183 ambies
214 1127 349 1198 quondam
362 1135 520 1198 turpaverat,
536 1129 579 1182 cui
590 1128 618 1181 id
628 1130 726 1183 animal
737 1129 894 1184 obnoxium.

95 1203 216 1276 Longam
231 1200 296 1256 olim
311 1200 408 1255 laniem
422 1202 522 1256 crebris
540 1202 627 1256 adhue
643 1204 753 1258 ieiuniis
767 1203 894 1259 latentur:

97 1286 124 1332 et
134 1285 266 1348 raptarum
278 1274 385 1348 frugum
396 1286 584 1348 argumentum
594 1278 810 1346 panisludaicus.
822 1278 897 1332 nullo

99 1351 346 1415 lermento,retinet.
368 1349 485 1420 Septimo
494 1350 537 1405 die
546 1351 631 1404 otium
643 1351 785 1421 placuisse,
793 1351 894 1406 lerunt:

98 1428 163 1498 quia
173 1426 286 1481 isfinem
296 1425 416 1479 laborum
427 1424 530 1479 tulerit:
551 1424 782 1488 dein‚blnndiente
792 1427 895 1490 inertia,

97 1503 242 1572 septimum
257 1517 365 1572 quoque
379 1517 480 1553 nnnttm
495 1501 617 1572 ignaviae
631 1501 732 1554 datum.
773 1500 836 1563 nui,
850 1501 897 1555 ho-

97 1592 190 1631 norem
208 1593 271 1630 eum
285 1574 399 1629 Saturno
411 1574 517 1628 haberi:
539 1591 586 1628 seu
608 1577 738 1646 principia
760 1576 896 1646 religionis

96 1650 262 1706 tradentibus
278 1649 370 1713 idaeis,
387 1667 455 1720 quos
470 1667 531 1703 curn
545 1647 658 1704 Saturno
668 1651 760 1721 pulsos
770 1661 795 1704 et
804 1649 897 1704 eondi-

95 1735 168 1780 tores
181 1727 266 1798 gentis
276 1725 437 1794 ademimus,
453 1741 500 1778 seu
513 1724 586 1795 quod
595 1725 628 1779 de
637 1736 739 1796 septem
749 1725 894 1789 sideribus,

96 1803 161 1872 qius
170 1799 292 1853 mortales
303 1809 441 1871 reguntur,
451 1798 581 1853 altissimo
589 1801 652 1854 orbe
662 1810 686 1855 et
697 1804 836 1872 praecipua
850 1818 896 1872 po-

97 1875 189 1933 tentia.
209 1874 282 1928 stella
299 1873 405 1928 Saturni
422 1873 531 1930 feratur:
553 1892 583 1927 ao
602 1875 727 1948 pleraque
741 1878 894 1932 caelestium

96 1953 154 2005 vim
164 1966 241 2002 suern
257 1958 282 2002 et
291 1966 401 2002 cremum
415 1950 542 2019 septimos
552 1966 599 2019 per
609 1968 733 2006 numeros
744 1953 892 2006 conficiant.

151 2026 177 2078 t.
200 2024 232 2078 lii
243 2025 319 2085 ritus,
340 2041 449 2094 quoquo
460 2024 658 2088 inodointluoti‚
680 2029 834 2096 antiquitate
847 2027 895 2079 de·

96 2098 251 2155 lenduntur.
291 2097 380 2152 Cetera
400 2099 517 2152 instituta
544 2101 651 2154 sinistra
675 2099 747 2153 loeda
768 2100 895 2168 pravitate

96 2174 213 2228 valrters.
253 2173 320 2227 Nam
331 2175 465 2242 pessimus
475 2175 601 2244 quisque,
614 2177 710 2243 spretis
721 2173 894 2244 religionibus

95 2249 199 2320 patriis,
222 2246 319 2301 tribula
339 2257 364 2301 et
379 2251 461 2318 aliptes
481 2248 544 2302 illuc
558 2249 696 2318 gerebant:
718 2246 789 2299 unde
803 2257 894 2300 auctae

96 2324 255 2376 ludaeorum
271 2339 322 2384 res,
338 2330 364 2375 et
378 2323 441 2392 quia
453 2322 523 2392 apud
534 2323 606 2390 ipsos
617 2321 682 2374 fides
690 2321 831 2380 obstinata.
843 2322 895 2375 rni-

94 2397 237 2451 aericordia
248 2399 275 2450 iu
288 2397 473 2466 promptu‚sed
483 2396 612 2449 adversus
620 2413 714 2449 omnes
723 2394 788 2449 alios
798 2395 895 2450 hostile

93 2471 197 2527 odium.
238 2470 354 2540 Separati
369 2471 466 2541 epulis,
482 2471 587 2523 discreti
600 2469 746 2533 cubilibus,
758 2471 895 2540 proiectis.-

94 2547 164 2602 sima
184 2547 218 2601 ad
238 2546 375 2600 libidinem
393 2563 470 2619 gens,
485 2545 635 2600 alienarum
652 2545 801 2600 mnoxibitu
816 2545 906 2596 absti-

88 2631 168 2674 nent:
188 2620 374 2676 intersonibil
385 2622 534 2678 inlicitum.
568 2621 781 2680 lliroumeidere
792 2613 934 2693 dennaba&

75 2693 226 2757 r'nsn'tuere,
252 2703 282 2749 ut
298 2695 464 2758 diversitate
489 2712 663 2760 noscantur.
700 2689 961 2762 'iransmessxw
