1950 3016
99 198 234 280 num.)
305 216 384 261 mn.
404 215 455 262 m
476 217 565 263 cua.
586 215 708 267 es-ra.
863 217 910 268 tae

107 315 243 371 invidiam
257 313 345 380 ferret,
361 315 461 386 placuit
474 333 577 370 veneno
590 318 715 388 grassari.
754 317 863 374 Addidit
872 321 912 374 ia-

107 391 195 445 cinori
205 389 287 444 fidem
298 388 381 444 nobili
390 390 498 463 gaudio,
510 389 635 445 Blaesum
645 391 763 447 visendo.
803 393 875 459 Quin
885 403 911 449 et

107 464 200 519 audite
218 472 259 520 est
277 467 433 518 saevissima
452 464 553 519 Vitellii
573 482 634 530 vox,
651 483 705 536 qua
718 484 745 520 se
759 466 826 538 (ipsa
837 471 909 523 enim

106 540 191 595 verba
204 537 327 610 referam)
338 544 442 607 pavisse
456 543 551 602 oculos,
571 549 687 607 epectata
701 546 801 595 inimici
818 553 907 608 morte,

106 615 225 669 iactavit.
266 613 367 678 Blaeso,
383 631 464 684 super
476 613 620 669 claritatem
630 613 760 669 natalium
770 615 910 688 eteiegan-

106 690 174 744 tiam
185 706 302 753 morum,
314 687 376 742 fidei
386 689 526 743 obstinatio
536 686 594 742 tuit.
629 689 742 762 Integris
751 706 859 761 quoque
869 709 911 745 re-

108 764 171 829 bus,
192 781 207 817 a
222 762 334 817 Caecina
354 769 379 816 et
391 763 555 832 primoribus
568 764 695 833 partium,
708 764 762 817 iam
773 764 910 820 Vitellium

106 836 907 910 aspernantibus,ambitus‚abnuereperseveravitmanctus,

105 911 273 976 inturbidus,
286 910 389 965 nullius
398 912 530 981 repentini
541 912 658 976 honoris,
670 911 735 968 adeo
745 931 797 968 non
807 916 909 985 priuci-

107 995 187 1059 patus
197 986 332 1057 adpetens,
344 1003 439 1057 parum
451 985 585 1058 effugerat,
597 1004 630 1040 ne
639 987 738 1060 dignus
748 989 907 1046 crederetur.

165 1065 206 1115 it).
218 1061 318 1114 Fabius
329 1061 435 1115 interim
445 1059 552 1124 Valens,
565 1060 648 1116 multo
658 1079 689 1115 ac
698 1062 771 1118 molli
781 1066 909 1119 concubi-

106 1152 205 1191 narum
215 1135 420 1206 spadonumque
430 1135 545 1207 agmine,
555 1137 752 1209 segniusquam
762 1138 796 1191 ad
805 1139 906 1192 beilum

103 1211 243 1274 incedens,
253 1214 413 1277 proditama
426 1210 524 1263 Lucilio
532 1211 790 1265 Bassoiteueauctem
801 1217 908 1266 classem

103 1285 261 1358 pernicibus
271 1284 374 1355 nuptiis
384 1284 492 1355 accepit.
532 1284 575 1348 Et,
587 1285 611 1337 si
621 1292 743 1355 coeptum
753 1287 803 1339 iter
812 1303 908 1356 prope·

103 1367 200 1424 resset,
216 1366 353 1414 nutantem
368 1357 508 1413 Caecinam
522 1359 691 1429 praevenire,
707 1366 762 1422 aut,
778 1367 838 1412 ante
851 1360 907 1413 dis-

103 1435 208 1490 crimen
222 1449 338 1506 pugnae‚
354 1431 466 1504 adsequi
487 1432 605 1505 legiones
618 1433 756 1502 potuisset.
797 1433 906 1488 Necde-

104 1516 189 1574 erant,
202 1509 251 1579 qui
261 1514 407 1572 monerent,
422 1516 520 1560 etcum
530 1510 717 1575 fidissimisper
727 1510 839 1561 occultos
850 1517 906 1562 tru-

102 1588 187 1646 mitee,
199 1587 283 1637 vitata
293 1583 424 1644 Ravenna,
438 1582 578 1634 Hostiliam
593 1579 773 1636 Oremmtanrae
781 1593 905 1651 perperat.

102 1657 173 1713 Attis
186 1655 315 1728 placebat,
331 1661 424 1710 accitis
439 1673 473 1708 aa
482 1659 545 1708 arbe
551 1660 694 1722 praetutia
704 1659 849 1712 conatibus
858 1677 906 1713 aa·

103 1737 160 1788 lida
170 1747 432 1799 manuperrqmpcre.
466 1730 526 1800 ipse
536 1729 625 1784 inutili
635 1732 799 1787 cunctatione
809 1734 904 1806 agendi

101 1816 223 1877 tempora
232 1803 406 1860 consultando
415 1804 590 1874 consumpsit.
615 1804 831 1880 Moxutrumque
842 1826 904 1864 con-

102 1881 198 1936 sitium
209 1877 453 1952 aspematus‚quod
463 1879 531 1932 inter
540 1879 664 1950 ancipitia
674 1880 901 1948 dearrimumest,

67 1984 72 1993 =
101 1956 170 2011 dum
186 1955 273 2009 media
284 1954 416 2026 sequitur,
431 1969 479 2006 nec
487 1970 573 2007 ausus
583 1961 624 2007 est
632 1955 706 2020 satis,
718 1974 767 2010 nee
776 1959 901 2028 providit.

153 2032 201 2085 ii.
222 2030 314 2084 Missis
324 2028 358 2082 ad
368 2027 504 2083 Vitellium
515 2027 618 2093 litteris,
634 2030 766 2085 auxilium
777 2031 901 2101 postulat.

102 2106 207 2161 Venere
218 2112 271 2158 tres
281 2103 400 2158 cohortes
410 2119 472 2156 eum
482 2102 523 2156 ala
534 2104 696 2159 Britannica:
713 2104 843 2174 nequead
855 2103 903 2158 ial-

100 2178 214 2234 lendum
225 2186 303 2249 aptus
316 2194 455 2240 numerus,
471 2194 558 2248 neque
566 2179 599 2231 ad
609 2178 812 2248 penetrandum.
852 2176 903 2232 Sed

100 2252 200 2311 Valens
216 2270 250 2307 ne
263 2254 292 2307 in
308 2259 378 2306 tanto
391 2251 499 2322 quidem
516 2251 672 2307 discrimine
685 2251 901 2317 infamamur,

101 2346 156 2401 quo
166 2329 259 2382 minus
274 2342 366 2397 rapere
378 2326 492 2380 inlicitas
503 2325 660 2396 voluptates,
672 2326 863 2395 adulteriisque
873 2344 903 2380 ac

100 2404 203 2475 stupris
213 2401 333 2474 poliuere
343 2401 479 2470 hospitum
488 2399 594 2464 domus,
606 2400 763 2453 crederetur.
786 2397 902 2454 Aderant

100 2479 144 2533 vis
155 2485 181 2530 et
189 2476 304 2548 pecuma
314 2484 339 2529 et
348 2477 449 2529 urentis
459 2474 578 2530 fortunae
588 2474 734 2527 novissima
745 2473 834 2528 libido.
848 2473 903 2529 Ad-

100 2560 183 2608 ventu
203 2550 312 2605 demum
328 2550 450 2621 peditum
471 2550 651 2624 equitumque
666 2549 789 2621 prauitas
800 2549 916 2604 eans'xix'x

83 2626 185 2693 patuit,
198 2625 264 2692 quia
272 2641 325 2678 nec
336 2625 433 2682 vadere
440 2644 492 2700 per
502 2627 598 2685 hostes
610 2634 670 2683 tam
679 2643 773 2701 parua
780 2640 935 2695 manupe-

73 2701 152 2757 ΨΜ,
165 2695 247 2750 etiam
257 2698 285 2752 si
293 2698 436 2760 fidissima
448 2704 533 2778 foret,
547 2725 602 2767 nee
610 2707 763 2786 integram
768 2704 865 2765 tuem
870 2701 960 2756 autu-
