1950 3016
109 122 143 173 so
347 121 674 169 uranonranurr
764 110 901 186 (namt.

109 224 187 280 iitum
197 221 323 277 laudibus
332 223 461 280 cumulat.
486 222 637 278 Postulante
645 218 904 286 exereiht,utliher··

108 308 165 353 tum
176 315 257 352 suum
268 299 414 353 Asiaticum
428 301 545 370 equestri
559 298 687 370 dignitate
698 296 815 360 donaret
825 295 904 350 inho·

108 381 210 428 nestum
220 373 397 429 adulationem
407 375 559 444 compescit.
588 373 664 436 Dein,
676 371 821 427 mobilitate
829 371 904 443 inge·

109 449 156 514 nii,
174 449 246 519 quod
260 448 348 519 palam
361 447 498 512 abnuerat,
512 448 687 502 interseereta
697 447 813 502 convivii
825 445 904 518 iargi-
961 465 962 470 ¹

109 533 161 589 tur,
178 523 370 595 honoravitque
381 523 527 576 Asiaticum
542 522 641 587 anulis,
654 521 762 578 foedum
775 519 904 592 mancipi·

109 617 155 653 um
166 608 192 653 et
202 597 280 653 malis
290 598 391 652 artibus
401 597 583 652 ambitiosum.

161 677 205 728 58.
226 673 322 726 lisdem
343 671 447 736 diebus,
469 673 612 726 aoeessisse
627 671 749 743 partibus
763 678 904 741 unamque

108 749 308 809 Mauretaniam,
325 744 459 801 interfecto
467 756 633 819 procuratore
643 745 749 810 hihino,
761 746 848 800 nuntii
858 760 905 799 ve·

108 840 180 878 nere.
211 821 340 875 Lucceius
350 818 613 885 Albinus,aNerone
623 823 800 875 hiarrretaniae
808 819 905 874 Caesa-

108 898 189 952 riensi
205 896 379 966 praepositus,
395 894 482 950 addita
495 913 543 966 per
556 894 666 950 Galbam
678 897 833 968 Tingitanae
841 910 905 966 pro·

110 972 212 1025 vinciae
226 969 461 1033 administratione,
474 970 546 1025 haud
558 970 715 1041 spernendis
725 970 829 1025 viribus
842 984 904 1043 age-

107 1045 161 1100 het.
202 1044 266 1097 xlx
277 1043 405 1109 cohortes,
426 1047 548 1117 quinque
558 1045 623 1109 aiae,
644 1046 740 1117 ingens
749 1045 904 1099 Maurorum

109 1136 238 1174 numerus
251 1118 348 1182 aderat,
360 1136 407 1189 per
417 1119 551 1174 iatrocinia
561 1129 587 1173 et
596 1128 687 1190 raptus
699 1127 759 1190 apta
769 1118 838 1173 heho
847 1134 904 1172 ma·

109 1212 170 1249 nus.
210 1193 293 1248 Caeso
310 1193 404 1259 Galba,
426 1195 452 1248 in
472 1193 602 1249 Othonem
622 1210 733 1265 pronus,
755 1210 804 1248 nee
816 1191 904 1247 Africa

108 1276 256 1333 contentus,
276 1269 427 1341 Hispaniae,
449 1278 560 1342 angusto
570 1268 635 1324 freto
644 1268 800 1340 diremptae,
823 1268 906 1323 inmi-

109 1345 195 1399 nebat.
223 1343 286 1397 inde
295 1343 468 1398 Chrvioltuto
477 1352 577 1398 metus:
598 1351 624 1398 et
632 1343 763 1398 decimam
773 1343 903 1416 legionem

108 1421 286 1490 propinquare
297 1418 375 1482 litori,
386 1427 416 1472 ut
425 1419 642 1483 transmissurus,
653 1420 741 1474 iussit.
763 1417 905 1472 Pmemissi

108 1494 496 1563 centuriones,quih{aurorum
508 1492 903 1548 animosViteliioooncitiarent.

107 1568 201 1639 Neque
215 1566 330 1620 arduum
344 1566 403 1630 fuit,
420 1585 515 1640 magna
530 1585 578 1638 per
589 1569 739 1638 provincias
751 1566 905 1624 Germanici

108 1639 328 1696 exercitusfama.
364 1639 541 1713 spargebatur
550 1643 671 1714 insuper,
682 1652 770 1714 spreto
778 1658 906 1714 procura-

107 1716 171 1770 toris
183 1711 320 1778 vocabulo,
331 1712 458 1769 Albinum
470 1717 576 1791 insigne
585 1719 666 1791 regis,
682 1726 707 1772 et
718 1716 798 1772 lubae
806 1732 904 1772 nomen

107 1805 247 1859 usurpare.

161 1865 204 1917 59.
225 1863 262 1916 lta
272 1865 380 1916 mutatis
390 1865 498 1929 animis,
509 1863 621 1920 Asinius
630 1865 721 1930 Pollio,
736 1865 792 1920 aiae
801 1864 904 1937 praeie-

107 1946 176 2003 ctus,
187 1954 202 1991 e
212 1936 351 1991 fidissimis
360 1937 466 2005 Albino,
474 1948 500 1993 et
508 1940 604 1995 Festus
614 1959 645 1995 ae
651 1939 748 2011 Scipio,
755 1941 903 1996 cohortium

107 2010 239 2083 praefecti,
251 2013 448 2083 opprimuntur.
479 2015 539 2086 lpse
549 2014 672 2080 Albinus,
684 2015 750 2070 dum
760 2033 775 2070 e
785 2017 835 2070 Tin
856 2018 904 2071 ‘ta-

107 2105 140 2141 na
151 2086 683 2158 provinciaCaesariensemMauretaniam
692 2090 843 2162 petit,adpu
855 2106 904 2145 sus

107 2161 186 2226 litori,
207 2160 361 2216 trucidatur.
402 2162 472 2218 Uxor
487 2166 555 2230 eins,
577 2182 639 2220 cum
655 2183 684 2219 se
701 2166 904 2237 percussoribus

106 2236 254 2300 obtulisset,
270 2236 352 2290 simul
363 2238 497 2293 interiecta
509 2249 560 2307 est;
583 2239 650 2294 nihii
661 2257 763 2304 eornm,
777 2257 847 2312 quae
856 2240 904 2295 fie-

106 2318 173 2387 rent,
185 2309 290 2366 Viteliio
299 2313 465 2384 anquirente.
483 2313 561 2368 Brevi
571 2314 662 2368 auditu
671 2316 797 2386 quamvis
807 2332 904 2389 magna

106 2385 243 2448 transibat,
256 2387 333 2457 inpar
343 2388 416 2441 curis
425 2387 603 2460 gravioribus.
642 2390 796 2443 Exercitum
808 2392 904 2445 itinere

106 2460 220 2513 terrestri
233 2477 346 2534 pergere
359 2461 447 2516 iubet:
468 2463 526 2534 ipse
541 2462 622 2517 Arare
632 2462 742 2518 flumine
750 2464 903 2529 devehitur,

169 2534 325 2606 principaii
332 2546 442 2611 paratu,
451 2538 501 2593 sed
510 2546 603 2594 vetere
612 2547 732 2611 egestate
737 2537 919 2602 conspexisset

45 2526 271 2744 ὛΙυΙίυε
285 2612 420 2686 Blaesus,
436 2615 648 2693 Lugdunensis
657 2610 769 2668 Gothiae
778 2614 938 2670 rectoque-
