<?xml version="1.0" encoding="UTF-8"?>
<!DOCTYPE html PUBLIC "-//W3C//DTD XHTML 1.0 Transitional//EN"
    "http://www.w3.org/TR/xhtml1/DTD/xhtml1-transitional.dtd">
<html xmlns="http://www.w3.org/1999/xhtml" xml:lang="en" lang="en">
 <head>
  <title>
</title>
<meta http-equiv="Content-Type" content="text/html;charset=utf-8" />
  <meta name='ocr-system' content='tesseract 3.04.00' />
  <meta name='ocr-capabilities' content='ocr_page ocr_carea ocr_par ocr_line ocrx_word'/>
</head>
<body>
  <div class='ocr_page' id='page_1' title='image "./ccorneliitaciti00weisgoog_0071.png"; bbox 0 0 1950 3016; ppageno 0'>
   <div class='ocr_carea' id='block_1_1' title="bbox 125 188 919 268">
    <p class='ocr_par' dir='ltr' id='par_1_1' title="bbox 125 188 919 268">
     <span class='ocr_line' id='line_1_1' title="bbox 125 188 919 268; baseline 0.001 -18"><span class='ocrx_word' id='word_1_1' title='bbox 125 198 158 250; x_wconf 79' lang='lat' dir='ltr'><strong>oa</strong></span> <span class='ocrx_word' id='word_1_2' title='bbox 363 188 685 249; x_wconf 80' lang='lat' dir='ltr'><strong>nrsrouruniru</strong></span> <span class='ocrx_word' id='word_1_3' title='bbox 784 192 919 268; x_wconf 66' lang='lat' dir='ltr'><strong>(ausu.</strong></span> 
     </span>
    </p>
   </div>
   <div class='ocr_carea' id='block_1_2' title="bbox 82 300 965 2793">
    <p class='ocr_par' dir='ltr' id='par_1_2' title="bbox 123 300 965 754">
     <span class='ocr_line' id='line_1_2' title="bbox 125 300 919 378; baseline 0.004 -21"><span class='ocrx_word' id='word_1_4' title='bbox 125 303 286 375; x_wconf 78' lang='lat' dir='ltr'>Iudaeaque:</span> <span class='ocrx_word' id='word_1_5' title='bbox 309 304 370 360; x_wconf 91' lang='lat' dir='ltr'><strong>inde</strong></span> <span class='ocrx_word' id='word_1_6' title='bbox 380 304 647 378; x_wconf 79' lang='lat' dir='ltr'><strong>continuahegyptus</strong></span> <span class='ocrx_word' id='word_1_7' title='bbox 657 303 779 375; x_wconf 90' lang='lat' dir='ltr'><strong>duaeque</strong></span> <span class='ocrx_word' id='word_1_8' title='bbox 788 300 919 376; x_wconf 81' lang='lat' dir='ltr'><strong>legiones:</strong></span> 
     </span>
     <span class='ocr_line' id='line_1_3' title="bbox 124 378 965 453; baseline 0.001 -21"><span class='ocrx_word' id='word_1_9' title='bbox 124 379 188 432; x_wconf 91' lang='lat' dir='ltr'><strong>bine</strong></span> <span class='ocrx_word' id='word_1_10' title='bbox 196 378 358 450; x_wconf 84' lang='lat' dir='ltr'><strong>Cappadocia</strong></span> <span class='ocrx_word' id='word_1_11' title='bbox 370 383 522 453; x_wconf 79' lang='lat' dir='ltr'><strong>Pontusque</strong></span> <span class='ocrx_word' id='word_1_12' title='bbox 537 389 562 434; x_wconf 88' lang='lat' dir='ltr'><strong>et</strong></span> <span class='ocrx_word' id='word_1_13' title='bbox 572 379 704 452; x_wconf 86' lang='lat' dir='ltr'><strong>quidquid</strong></span> <span class='ocrx_word' id='word_1_14' title='bbox 711 387 861 433; x_wconf 87' lang='lat' dir='ltr'><strong>castrorum</strong></span> <span class='ocrx_word' id='word_1_15' title='bbox 872 379 921 434; x_wconf 79' lang='lat' dir='ltr'><strong>Ar-</strong></span> <span class='ocrx_word' id='word_1_16' title='bbox 962 440 965 447; x_wconf 28' lang='lat'>¹</span> 
     </span>
     <span class='ocr_line' id='line_1_4' title="bbox 124 455 921 526; baseline 0.003 -19"><span class='ocrx_word' id='word_1_17' title='bbox 124 455 222 508; x_wconf 90' lang='lat' dir='ltr'><strong>meniis</strong></span> <span class='ocrx_word' id='word_1_18' title='bbox 241 457 428 526; x_wconf 81' lang='lat' dir='ltr'><strong>praetenditur.</strong></span> <span class='ocrx_word' id='word_1_19' title='bbox 468 456 530 510; x_wconf 78' lang='lat' dir='ltr'><strong>Asia</strong></span> <span class='ocrx_word' id='word_1_20' title='bbox 550 464 575 509; x_wconf 91' lang='lat' dir='ltr'><strong>et</strong></span> <span class='ocrx_word' id='word_1_21' title='bbox 589 466 688 509; x_wconf 88' lang='lat' dir='ltr'><strong>ceterae</strong></span> <span class='ocrx_word' id='word_1_22' title='bbox 701 455 854 526; x_wconf 90' lang='lat' dir='ltr'><strong>provinciae</strong></span> <span class='ocrx_word' id='word_1_23' title='bbox 873 470 921 509; x_wconf 91' lang='lat' dir='ltr'><strong>nec</strong></span> 
     </span>
     <span class='ocr_line' id='line_1_5' title="bbox 124 528 921 603; baseline 0 -19"><span class='ocrx_word' id='word_1_24' title='bbox 124 530 243 584; x_wconf 87' lang='lat' dir='ltr'><strong>virorum</strong></span> <span class='ocrx_word' id='word_1_25' title='bbox 253 531 355 603; x_wconf 75' lang='lat' dir='ltr'><strong>inopes,</strong></span> <span class='ocrx_word' id='word_1_26' title='bbox 372 541 397 585; x_wconf 90' lang='lat' dir='ltr'><strong>et</strong></span> <span class='ocrx_word' id='word_1_27' title='bbox 407 532 535 602; x_wconf 91' lang='lat' dir='ltr'><strong>pecuniae</strong></span> <span class='ocrx_word' id='word_1_28' title='bbox 544 530 692 601; x_wconf 87' lang='lat' dir='ltr'><strong>opulentae.</strong></span> <span class='ocrx_word' id='word_1_29' title='bbox 732 528 868 595; x_wconf 84' lang='lat' dir='ltr'><strong>Quantum</strong></span> <span class='ocrx_word' id='word_1_30' title='bbox 879 530 921 584; x_wconf 90' lang='lat' dir='ltr'><strong>in-</strong></span> 
     </span>
     <span class='ocr_line' id='line_1_6' title="bbox 123 604 913 680; baseline 0.004 -23"><span class='ocrx_word' id='word_1_31' title='bbox 123 604 244 660; x_wconf 87' lang='lat' dir='ltr'><strong>sularum</strong></span> <span class='ocrx_word' id='word_1_32' title='bbox 256 609 323 662; x_wconf 90' lang='lat' dir='ltr'><strong>mari</strong></span> <span class='ocrx_word' id='word_1_33' title='bbox 333 609 457 680; x_wconf 82' lang='lat' dir='ltr'><strong>cingitur,</strong></span> <span class='ocrx_word' id='word_1_34' title='bbox 470 615 494 660; x_wconf 90' lang='lat' dir='ltr'><strong>et</strong></span> <span class='ocrx_word' id='word_1_35' title='bbox 505 606 620 677; x_wconf 89' lang='lat' dir='ltr'><strong>parando</strong></span> <span class='ocrx_word' id='word_1_36' title='bbox 629 606 735 660; x_wconf 87' lang='lat' dir='ltr'><strong>interim</strong></span> <span class='ocrx_word' id='word_1_37' title='bbox 746 605 816 660; x_wconf 88' lang='lat' dir='ltr'><strong>bello</strong></span> <span class='ocrx_word' id='word_1_38' title='bbox 825 622 913 660; x_wconf 91' lang='lat' dir='ltr'><strong>secun·</strong></span> 
     </span>
     <span class='ocr_line' id='line_1_7' title="bbox 123 678 533 754; baseline 0.002 -21"><span class='ocrx_word' id='word_1_39' title='bbox 123 678 188 734; x_wconf 92' lang='lat' dir='ltr'><strong>dum</strong></span> <span class='ocrx_word' id='word_1_40' title='bbox 201 691 341 754; x_wconf 88' lang='lat' dir='ltr'><strong>tutumque</strong></span> <span class='ocrx_word' id='word_1_41' title='bbox 353 684 441 753; x_wconf 88' lang='lat' dir='ltr'><strong>ipsum</strong></span> <span class='ocrx_word' id='word_1_42' title='bbox 453 698 533 735; x_wconf 85' lang='lat' dir='ltr'><strong>mare.</strong></span> 
     </span>
    </p>

    <p class='ocr_par' dir='ltr' id='par_1_3' title="bbox 123 752 920 1654">
     <span class='ocr_line' id='line_1_8' title="bbox 178 752 920 827; baseline -0.001 -17"><span class='ocrx_word' id='word_1_43' title='bbox 178 758 204 812; x_wconf 79' lang='lat'><strong>7.</strong></span> <span class='ocrx_word' id='word_1_44' title='bbox 226 759 283 812; x_wconf 92' lang='lat' dir='ltr'><strong>Non</strong></span> <span class='ocrx_word' id='word_1_45' title='bbox 299 755 404 811; x_wconf 77' lang='lat' dir='ltr'><strong>[allebat</strong></span> <span class='ocrx_word' id='word_1_46' title='bbox 417 756 497 811; x_wconf 84' lang='lat' dir='ltr'><strong>duces</strong></span> <span class='ocrx_word' id='word_1_47' title='bbox 515 758 621 827; x_wconf 86' lang='lat' dir='ltr'><strong>inpetus</strong></span> <span class='ocrx_word' id='word_1_48' title='bbox 636 755 767 810; x_wconf 83' lang='lat' dir='ltr'><strong>militum:</strong></span> <span class='ocrx_word' id='word_1_49' title='bbox 791 754 848 821; x_wconf 84' lang='lat' dir='ltr'><strong>sed,</strong></span> <span class='ocrx_word' id='word_1_50' title='bbox 863 752 920 809; x_wconf 67' lang='lat' dir='ltr'><strong>bet:</strong></span> 
     </span>
     <span class='ocr_line' id='line_1_9' title="bbox 124 830 920 904; baseline -0.001 -19"><span class='ocrx_word' id='word_1_51' title='bbox 124 830 240 886; x_wconf 91' lang='lat' dir='ltr'><strong>lantibus</strong></span> <span class='ocrx_word' id='word_1_52' title='bbox 251 831 320 895; x_wconf 79' lang='lat' dir='ltr'><strong>aliis,</strong></span> <span class='ocrx_word' id='word_1_53' title='bbox 336 831 436 902; x_wconf 85' lang='lat' dir='ltr'><strong>placuit</strong></span> <span class='ocrx_word' id='word_1_54' title='bbox 445 840 596 904; x_wconf 81' lang='lat' dir='ltr'><strong>exspectare</strong></span> <span class='ocrx_word' id='word_1_55' title='bbox 607 831 668 885; x_wconf 92' lang='lat' dir='ltr'><strong>belli</strong></span> <span class='ocrx_word' id='word_1_56' title='bbox 679 833 791 885; x_wconf 83' lang='lat' dir='ltr'><strong>exitum.</strong></span> <span class='ocrx_word' id='word_1_57' title='bbox 835 831 920 884; x_wconf 63' lang='lat' dir='ltr'><strong>Victoss</strong></span> 
     </span>
     <span class='ocr_line' id='line_1_10' title="bbox 123 907 920 976; baseline 0 -16"><span class='ocrx_word' id='word_1_58' title='bbox 123 924 166 961; x_wconf 87' lang='lat' dir='ltr'><strong>res</strong></span> <span class='ocrx_word' id='word_1_59' title='bbox 179 912 309 974; x_wconf 85' lang='lat' dir='ltr'><strong>victosque</strong></span> <span class='ocrx_word' id='word_1_60' title='bbox 322 924 461 975; x_wconf 80' lang='lat' dir='ltr'><strong>numquam</strong></span> <span class='ocrx_word' id='word_1_61' title='bbox 470 912 555 963; x_wconf 82' lang='lat' dir='ltr'><strong>solido</strong></span> <span class='ocrx_word' id='word_1_62' title='bbox 564 911 613 976; x_wconf 75' lang='lat' dir='ltr'><strong>fide</strong></span> <span class='ocrx_word' id='word_1_63' title='bbox 624 910 772 961; x_wconf 74' lang='lat' dir='ltr'><strong>coalescere.</strong></span> <span class='ocrx_word' id='word_1_64' title='bbox 813 907 867 961; x_wconf 90' lang='lat' dir='ltr'><strong>Nec</strong></span> <span class='ocrx_word' id='word_1_65' title='bbox 876 922 920 960; x_wconf 76' lang='lat' dir='ltr'><strong>re·</strong></span> 
     </span>
     <span class='ocr_line' id='line_1_11' title="bbox 123 980 918 1052; baseline 0.003 -18"><span class='ocrx_word' id='word_1_66' title='bbox 123 987 199 1052; x_wconf 69' lang='lat' dir='ltr'><strong>serre,</strong></span> <span class='ocrx_word' id='word_1_67' title='bbox 215 982 342 1035; x_wconf 84' lang='lat' dir='ltr'><strong>Vitellium</strong></span> <span class='ocrx_word' id='word_1_68' title='bbox 354 1000 390 1035; x_wconf 85' lang='lat' dir='ltr'><strong>eu</strong></span> <span class='ocrx_word' id='word_1_69' title='bbox 400 980 520 1037; x_wconf 86' lang='lat' dir='ltr'><strong>Othou&#39;em</strong></span> <span class='ocrx_word' id='word_1_70' title='bbox 529 987 690 1051; x_wconf 76' lang='lat' dir='ltr'><strong>superstitem</strong></span> <span class='ocrx_word' id='word_1_71' title='bbox 698 987 804 1051; x_wconf 68' lang='lat' dir='ltr'><strong>fortune</strong></span> <span class='ocrx_word' id='word_1_72' title='bbox 813 987 918 1051; x_wconf 71' lang='lat' dir='ltr'><strong>fuceret.</strong></span> 
     </span>
     <span class='ocr_line' id='line_1_12' title="bbox 123 1057 920 1127; baseline 0 -17"><span class='ocrx_word' id='word_1_73' title='bbox 123 1057 207 1110; x_wconf 85' lang='lat' dir='ltr'><strong>Rebus</strong></span> <span class='ocrx_word' id='word_1_74' title='bbox 214 1061 332 1110; x_wconf 82' lang='lat' dir='ltr'><strong>secundis</strong></span> <span class='ocrx_word' id='word_1_75' title='bbox 343 1061 420 1110; x_wconf 85' lang='lat' dir='ltr'><strong>etium</strong></span> <span class='ocrx_word' id='word_1_76' title='bbox 430 1063 543 1127; x_wconf 72' lang='lat' dir='ltr'><strong>eyreyios</strong></span> <span class='ocrx_word' id='word_1_77' title='bbox 552 1063 629 1112; x_wconf 86' lang='lat' dir='ltr'><strong>duces</strong></span> <span class='ocrx_word' id='word_1_78' title='bbox 638 1060 803 1112; x_wconf 69' lang='lat' dir='ltr'><strong>insolescere:</strong></span> <span class='ocrx_word' id='word_1_79' title='bbox 817 1061 920 1110; x_wconf 70' lang='lat' dir='ltr'><strong>discom-</strong></span> 
     </span>
     <span class='ocr_line' id='line_1_13' title="bbox 123 1128 919 1199; baseline 0 -14"><span class='ocrx_word' id='word_1_80' title='bbox 123 1134 251 1193; x_wconf 85' lang='lat' dir='ltr'><strong>diombis,</strong></span> <span class='ocrx_word' id='word_1_81' title='bbox 263 1136 402 1199; x_wconf 71' lang='lat' dir='ltr'><strong>leucatem,</strong></span> <span class='ocrx_word' id='word_1_82' title='bbox 420 1136 563 1187; x_wconf 73' lang='lat' dir='ltr'><strong>luxuriem:</strong></span> <span class='ocrx_word' id='word_1_83' title='bbox 582 1142 607 1188; x_wconf 91' lang='lat' dir='ltr'><strong>et</strong></span> <span class='ocrx_word' id='word_1_84' title='bbox 615 1138 719 1186; x_wconf 85' lang='lat' dir='ltr'><strong>suismet</strong></span> <span class='ocrx_word' id='word_1_85' title='bbox 728 1137 800 1187; x_wconf 83' lang='lat' dir='ltr'><strong>vitiis</strong></span> <span class='ocrx_word' id='word_1_86' title='bbox 808 1128 919 1185; x_wconf 80' lang='lat' dir='ltr'><strong>alterum</strong></span> 
     </span>
     <span class='ocr_line' id='line_1_14' title="bbox 124 1208 919 1281; baseline 0.003 -21"><span class='ocrx_word' id='word_1_87' title='bbox 124 1209 196 1268; x_wconf 88' lang='lat' dir='ltr'><strong>hello,</strong></span> <span class='ocrx_word' id='word_1_88' title='bbox 207 1209 319 1260; x_wconf 85' lang='lat' dir='ltr'><strong>alterum</strong></span> <span class='ocrx_word' id='word_1_89' title='bbox 328 1212 438 1262; x_wconf 81' lang='lat' dir='ltr'><strong>victorin</strong></span> <span class='ocrx_word' id='word_1_90' title='bbox 446 1213 599 1276; x_wconf 75' lang='lat' dir='ltr'><strong>periturum.</strong></span> <span class='ocrx_word' id='word_1_91' title='bbox 631 1209 715 1281; x_wconf 81' lang='lat' dir='ltr'><strong>igitur</strong></span> <span class='ocrx_word' id='word_1_92' title='bbox 724 1225 796 1261; x_wconf 89' lang='lat' dir='ltr'><strong>arma</strong></span> <span class='ocrx_word' id='word_1_93' title='bbox 808 1208 835 1261; x_wconf 95' lang='lat' dir='ltr'><strong>in</strong></span> <span class='ocrx_word' id='word_1_94' title='bbox 845 1223 919 1262; x_wconf 89' lang='lat' dir='ltr'><strong>occa-</strong></span> 
     </span>
     <span class='ocr_line' id='line_1_15' title="bbox 123 1281 920 1354; baseline 0.003 -20"><span class='ocrx_word' id='word_1_95' title='bbox 123 1281 224 1336; x_wconf 91' lang='lat' dir='ltr'><strong>sionem</strong></span> <span class='ocrx_word' id='word_1_96' title='bbox 235 1281 363 1336; x_wconf 87' lang='lat' dir='ltr'><strong>distulere</strong></span> <span class='ocrx_word' id='word_1_97' title='bbox 372 1283 550 1354; x_wconf 83' lang='lat' dir='ltr'><strong>Vespasianus</strong></span> <span class='ocrx_word' id='word_1_98' title='bbox 560 1284 755 1354; x_wconf 86' lang='lat' dir='ltr'><strong>Mucianusque</strong></span> <span class='ocrx_word' id='word_1_99' title='bbox 767 1300 862 1353; x_wconf 81' lang='lat' dir='ltr'><strong>nuper,</strong></span> <span class='ocrx_word' id='word_1_100' title='bbox 877 1298 920 1336; x_wconf 86' lang='lat' dir='ltr'><strong>ce-</strong></span> 
     </span>
     <span class='ocr_line' id='line_1_16' title="bbox 123 1356 919 1430; baseline 0.001 -20"><span class='ocrx_word' id='word_1_101' title='bbox 123 1359 170 1410; x_wconf 87' lang='lat' dir='ltr'><strong>teri</strong></span> <span class='ocrx_word' id='word_1_102' title='bbox 181 1356 245 1411; x_wconf 90' lang='lat' dir='ltr'><strong>olim</strong></span> <span class='ocrx_word' id='word_1_103' title='bbox 256 1358 348 1412; x_wconf 81' lang='lat' dir='ltr'><strong>mixtis</strong></span> <span class='ocrx_word' id='word_1_104' title='bbox 358 1359 490 1413; x_wconf 86' lang='lat' dir='ltr'><strong>consiliis:</strong></span> <span class='ocrx_word' id='word_1_105' title='bbox 512 1360 629 1430; x_wconf 91' lang='lat' dir='ltr'><strong>optimus</strong></span> <span class='ocrx_word' id='word_1_106' title='bbox 643 1360 759 1430; x_wconf 89' lang='lat' dir='ltr'><strong>quisque</strong></span> <span class='ocrx_word' id='word_1_107' title='bbox 768 1375 857 1412; x_wconf 88' lang='lat' dir='ltr'><strong>amore</strong></span> <span class='ocrx_word' id='word_1_108' title='bbox 868 1358 919 1411; x_wconf 88' lang='lat' dir='ltr'><strong>rei·</strong></span> 
     </span>
     <span class='ocr_line' id='line_1_17' title="bbox 123 1432 918 1505; baseline 0.003 -19"><span class='ocrx_word' id='word_1_109' title='bbox 123 1432 259 1502; x_wconf 88' lang='lat' dir='ltr'><strong>publicae:</strong></span> <span class='ocrx_word' id='word_1_110' title='bbox 275 1432 373 1487; x_wconf 85' lang='lat' dir='ltr'><strong>multos</strong></span> <span class='ocrx_word' id='word_1_111' title='bbox 382 1433 493 1488; x_wconf 86' lang='lat' dir='ltr'><strong>dulcedo</strong></span> <span class='ocrx_word' id='word_1_112' title='bbox 503 1435 660 1505; x_wconf 87' lang='lat' dir='ltr'><strong>praedarum</strong></span> <span class='ocrx_word' id='word_1_113' title='bbox 671 1433 837 1499; x_wconf 87' lang='lat' dir='ltr'><strong>stimulabat;</strong></span> <span class='ocrx_word' id='word_1_114' title='bbox 854 1432 918 1488; x_wconf 88' lang='lat' dir='ltr'><strong>alios</strong></span> 
     </span>
     <span class='ocr_line' id='line_1_18' title="bbox 124 1508 917 1581; baseline 0.004 -21"><span class='ocrx_word' id='word_1_115' title='bbox 124 1508 264 1581; x_wconf 77' lang='lat' dir='ltr'><strong>ambiguae</strong></span> <span class='ocrx_word' id='word_1_116' title='bbox 274 1508 345 1563; x_wconf 92' lang='lat' dir='ltr'><strong>domi</strong></span> <span class='ocrx_word' id='word_1_117' title='bbox 356 1526 408 1563; x_wconf 88' lang='lat' dir='ltr'><strong>res.</strong></span> <span class='ocrx_word' id='word_1_118' title='bbox 433 1511 470 1562; x_wconf 87' lang='lat' dir='ltr'><strong>lta</strong></span> <span class='ocrx_word' id='word_1_119' title='bbox 483 1509 545 1564; x_wconf 87' lang='lat' dir='ltr'><strong>honi</strong></span> <span class='ocrx_word' id='word_1_120' title='bbox 555 1509 673 1580; x_wconf 90' lang='lat' dir='ltr'><strong>malique</strong></span> <span class='ocrx_word' id='word_1_121' title='bbox 682 1509 784 1563; x_wconf 85' lang='lat' dir='ltr'><strong>caussis</strong></span> <span class='ocrx_word' id='word_1_122' title='bbox 793 1508 917 1573; x_wconf 81' lang='lat' dir='ltr'><strong>diversis.</strong></span> 
     </span>
     <span class='ocr_line' id='line_1_19' title="bbox 124 1582 662 1654; baseline 0.006 -19"><span class='ocrx_word' id='word_1_123' title='bbox 124 1582 212 1638; x_wconf 90' lang='lat' dir='ltr'><strong>studio</strong></span> <span class='ocrx_word' id='word_1_124' title='bbox 221 1585 288 1654; x_wconf 86' lang='lat' dir='ltr'><strong>pari,</strong></span> <span class='ocrx_word' id='word_1_125' title='bbox 300 1583 400 1638; x_wconf 89' lang='lat' dir='ltr'><strong>bellum</strong></span> <span class='ocrx_word' id='word_1_126' title='bbox 410 1601 502 1638; x_wconf 91' lang='lat' dir='ltr'><strong>omnes</strong></span> <span class='ocrx_word' id='word_1_127' title='bbox 512 1584 662 1654; x_wconf 90' lang='lat' dir='ltr'><strong>cupiebant.</strong></span> 
     </span>
    </p>

    <p class='ocr_par' dir='ltr' id='par_1_4' title="bbox 114 1656 921 2635">
     <span class='ocr_line' id='line_1_20' title="bbox 179 1656 919 1730; baseline 0.005 -20"><span class='ocrx_word' id='word_1_128' title='bbox 179 1661 203 1712; x_wconf 82' lang='lat'><strong>8.</strong></span> <span class='ocrx_word' id='word_1_129' title='bbox 225 1657 281 1711; x_wconf 90' lang='lat' dir='ltr'><strong>Sub</strong></span> <span class='ocrx_word' id='word_1_130' title='bbox 290 1658 360 1712; x_wconf 88' lang='lat' dir='ltr'><strong>idem</strong></span> <span class='ocrx_word' id='word_1_131' title='bbox 372 1666 477 1728; x_wconf 89' lang='lat' dir='ltr'><strong>tempus</strong></span> <span class='ocrx_word' id='word_1_132' title='bbox 487 1659 584 1712; x_wconf 83' lang='lat' dir='ltr'><strong>Achaia</strong></span> <span class='ocrx_word' id='word_1_133' title='bbox 594 1667 673 1730; x_wconf 88' lang='lat' dir='ltr'><strong>atque</strong></span> <span class='ocrx_word' id='word_1_134' title='bbox 683 1658 745 1712; x_wconf 81' lang='lat' dir='ltr'><strong>Asia</strong></span> <span class='ocrx_word' id='word_1_135' title='bbox 759 1656 824 1713; x_wconf 78' lang='lat' dir='ltr'><strong>falso</strong></span> <span class='ocrx_word' id='word_1_136' title='bbox 834 1667 919 1714; x_wconf 85' lang='lat' dir='ltr'><strong>exter-</strong></span> 
     </span>
     <span class='ocr_line' id='line_1_21' title="bbox 124 1732 919 1804; baseline 0.003 -18"><span class='ocrx_word' id='word_1_137' title='bbox 124 1733 197 1795; x_wconf 82' lang='lat' dir='ltr'><strong>ritae,</strong></span> <span class='ocrx_word' id='word_1_138' title='bbox 210 1732 283 1786; x_wconf 80' lang='lat' dir='ltr'><strong>velut</strong></span> <span class='ocrx_word' id='word_1_139' title='bbox 293 1734 362 1787; x_wconf 89' lang='lat' dir='ltr'><strong>Nero</strong></span> <span class='ocrx_word' id='word_1_140' title='bbox 371 1733 534 1788; x_wconf 86' lang='lat' dir='ltr'><strong>adventaret:</strong></span> <span class='ocrx_word' id='word_1_141' title='bbox 547 1736 619 1788; x_wconf 91' lang='lat' dir='ltr'><strong>vario</strong></span> <span class='ocrx_word' id='word_1_142' title='bbox 629 1752 709 1804; x_wconf 88' lang='lat' dir='ltr'><strong>super</strong></span> <span class='ocrx_word' id='word_1_143' title='bbox 720 1736 792 1787; x_wconf 92' lang='lat' dir='ltr'><strong>exitu</strong></span> <span class='ocrx_word' id='word_1_144' title='bbox 804 1735 862 1788; x_wconf 92' lang='lat' dir='ltr'><strong>eius</strong></span> <span class='ocrx_word' id='word_1_145' title='bbox 873 1752 919 1788; x_wconf 93' lang='lat' dir='ltr'><strong>ru-</strong></span> 
     </span>
     <span class='ocr_line' id='line_1_22' title="bbox 124 1807 920 1882; baseline 0.005 -23"><span class='ocrx_word' id='word_1_146' title='bbox 124 1823 206 1870; x_wconf 85' lang='lat' dir='ltr'><strong>more,</strong></span> <span class='ocrx_word' id='word_1_147' title='bbox 218 1824 302 1878; x_wconf 90' lang='lat' dir='ltr'><strong>eoque</strong></span> <span class='ocrx_word' id='word_1_148' title='bbox 312 1807 436 1878; x_wconf 88' lang='lat' dir='ltr'><strong>pluribus</strong></span> <span class='ocrx_word' id='word_1_149' title='bbox 445 1809 535 1862; x_wconf 86' lang='lat' dir='ltr'><strong>vivere</strong></span> <span class='ocrx_word' id='word_1_150' title='bbox 545 1826 606 1862; x_wconf 88' lang='lat' dir='ltr'><strong>eum</strong></span> <span class='ocrx_word' id='word_1_151' title='bbox 619 1809 780 1882; x_wconf 74' lang='lat' dir='ltr'><strong>fingentibus</strong></span> <span class='ocrx_word' id='word_1_152' title='bbox 790 1809 920 1864; x_wconf 89' lang='lat' dir='ltr'><strong>credenti-</strong></span> 
     </span>
     <span class='ocr_line' id='line_1_23' title="bbox 124 1881 919 1956; baseline 0.003 -19"><span class='ocrx_word' id='word_1_153' title='bbox 124 1883 239 1952; x_wconf 86' lang='lat' dir='ltr'><strong>busque.</strong></span> <span class='ocrx_word' id='word_1_154' title='bbox 279 1881 430 1937; x_wconf 86' lang='lat' dir='ltr'><strong>Ceterorum</strong></span> <span class='ocrx_word' id='word_1_155' title='bbox 455 1902 533 1938; x_wconf 87' lang='lat' dir='ltr'><strong>casus</strong></span> <span class='ocrx_word' id='word_1_156' title='bbox 556 1893 719 1956; x_wconf 86' lang='lat' dir='ltr'><strong>conatusque</strong></span> <span class='ocrx_word' id='word_1_157' title='bbox 743 1886 771 1938; x_wconf 91' lang='lat' dir='ltr'><strong>in</strong></span> <span class='ocrx_word' id='word_1_158' title='bbox 796 1892 919 1939; x_wconf 86' lang='lat' dir='ltr'><strong>contextu</strong></span> 
     </span>
     <span class='ocr_line' id='line_1_24' title="bbox 124 1956 920 2033; baseline 0.004 -22"><span class='ocrx_word' id='word_1_159' title='bbox 124 1958 211 2027; x_wconf 87' lang='lat' dir='ltr'><strong>operis</strong></span> <span class='ocrx_word' id='word_1_160' title='bbox 225 1956 359 2012; x_wconf 87' lang='lat' dir='ltr'><strong>dicemus:</strong></span> <span class='ocrx_word' id='word_1_161' title='bbox 381 1966 444 2012; x_wconf 91' lang='lat' dir='ltr'><strong>tunc</strong></span> <span class='ocrx_word' id='word_1_162' title='bbox 459 1976 553 2014; x_wconf 89' lang='lat' dir='ltr'><strong>servus</strong></span> <span class='ocrx_word' id='word_1_163' title='bbox 567 1960 760 2033; x_wconf 64' lang='lat' dir='ltr'><strong>ePonto„sive‚</strong></span> <span class='ocrx_word' id='word_1_164' title='bbox 771 1968 801 2013; x_wconf 93' lang='lat' dir='ltr'><strong>ut</strong></span> <span class='ocrx_word' id='word_1_165' title='bbox 811 1959 856 2013; x_wconf 88' lang='lat' dir='ltr'><strong>alii</strong></span> <span class='ocrx_word' id='word_1_166' title='bbox 867 1968 920 2014; x_wconf 91' lang='lat' dir='ltr'><strong>tra-</strong></span> 
     </span>
     <span class='ocr_line' id='line_1_25' title="bbox 124 2031 918 2106; baseline 0.005 -21"><span class='ocrx_word' id='word_1_167' title='bbox 124 2031 224 2096; x_wconf 88' lang='lat' dir='ltr'><strong>didere,</strong></span> <span class='ocrx_word' id='word_1_168' title='bbox 246 2031 386 2087; x_wconf 89' lang='lat' dir='ltr'><strong>libertinus</strong></span> <span class='ocrx_word' id='word_1_169' title='bbox 400 2051 433 2088; x_wconf 87' lang='lat' dir='ltr'><strong>ex</strong></span> <span class='ocrx_word' id='word_1_170' title='bbox 448 2035 531 2100; x_wconf 86' lang='lat' dir='ltr'><strong>Italia,</strong></span> <span class='ocrx_word' id='word_1_171' title='bbox 543 2035 658 2090; x_wconf 87' lang='lat' dir='ltr'><strong>citharae</strong></span> <span class='ocrx_word' id='word_1_172' title='bbox 668 2042 693 2089; x_wconf 90' lang='lat' dir='ltr'><strong>et</strong></span> <span class='ocrx_word' id='word_1_173' title='bbox 702 2043 795 2088; x_wconf 89' lang='lat' dir='ltr'><strong>cantus</strong></span> <span class='ocrx_word' id='word_1_174' title='bbox 806 2036 918 2106; x_wconf 90' lang='lat' dir='ltr'><strong>peritus,</strong></span> 
     </span>
     <span class='ocr_line' id='line_1_26' title="bbox 124 2106 920 2181; baseline 0.004 -20"><span class='ocrx_word' id='word_1_175' title='bbox 124 2106 205 2180; x_wconf 85' lang='lat' dir='ltr'><strong>[unde</strong></span> <span class='ocrx_word' id='word_1_176' title='bbox 221 2106 268 2171; x_wconf 82' lang='lat' dir='ltr'><strong>illi,</strong></span> <span class='ocrx_word' id='word_1_177' title='bbox 286 2126 367 2180; x_wconf 92' lang='lat' dir='ltr'><strong>super</strong></span> <span class='ocrx_word' id='word_1_178' title='bbox 377 2109 580 2165; x_wconf 86' lang='lat' dir='ltr'><strong>similitudinem</strong></span> <span class='ocrx_word' id='word_1_179' title='bbox 590 2112 653 2176; x_wconf 94' lang='lat' dir='ltr'><strong>oris,</strong></span> <span class='ocrx_word' id='word_1_180' title='bbox 669 2110 774 2181; x_wconf 88' lang='lat' dir='ltr'><strong>propior</strong></span> <span class='ocrx_word' id='word_1_181' title='bbox 785 2108 920 2164; x_wconf 85' lang='lat' dir='ltr'><strong>adfallen·</strong></span> 
     </span>
     <span class='ocr_line' id='line_1_27' title="bbox 125 2181 920 2259; baseline 0.004 -22"><span class='ocrx_word' id='word_1_182' title='bbox 125 2182 190 2237; x_wconf 91' lang='lat' dir='ltr'><strong>dum</strong></span> <span class='ocrx_word' id='word_1_183' title='bbox 204 2181 279 2254; x_wconf 84' lang='lat' dir='ltr'><strong>fides)</strong></span> <span class='ocrx_word' id='word_1_184' title='bbox 296 2184 428 2239; x_wconf 88' lang='lat' dir='ltr'><strong>adiunctis</strong></span> <span class='ocrx_word' id='word_1_185' title='bbox 446 2186 633 2250; x_wconf 82' lang='lat' dir='ltr'><strong>desertoribus,</strong></span> <span class='ocrx_word' id='word_1_186' title='bbox 654 2202 721 2257; x_wconf 90' lang='lat' dir='ltr'><strong>quos</strong></span> <span class='ocrx_word' id='word_1_187' title='bbox 735 2186 823 2256; x_wconf 89' lang='lat' dir='ltr'><strong>inopia</strong></span> <span class='ocrx_word' id='word_1_188' title='bbox 838 2203 920 2259; x_wconf 85' lang='lat' dir='ltr'><strong>vagos</strong></span> 
     </span>
     <span class='ocr_line' id='line_1_28' title="bbox 124 2257 918 2333; baseline 0.006 -23"><span class='ocrx_word' id='word_1_189' title='bbox 124 2257 278 2329; x_wconf 78' lang='lat' dir='ltr'><strong>ingentibus</strong></span> <span class='ocrx_word' id='word_1_190' title='bbox 288 2258 428 2328; x_wconf 90' lang='lat' dir='ltr'><strong>promissis</strong></span> <span class='ocrx_word' id='word_1_191' title='bbox 438 2270 602 2333; x_wconf 85' lang='lat' dir='ltr'><strong>conruperat‚</strong></span> <span class='ocrx_word' id='word_1_192' title='bbox 615 2278 688 2314; x_wconf 91' lang='lat' dir='ltr'><strong>mare</strong></span> <span class='ocrx_word' id='word_1_193' title='bbox 697 2261 859 2332; x_wconf 82' lang='lat' dir='ltr'><strong>ingreditur:</strong></span> <span class='ocrx_word' id='word_1_194' title='bbox 878 2278 918 2327; x_wconf 80' lang='lat' dir='ltr'><strong>ac,</strong></span> 
     </span>
     <span class='ocr_line' id='line_1_29' title="bbox 125 2334 919 2409; baseline 0.003 -21"><span class='ocrx_word' id='word_1_195' title='bbox 125 2334 152 2388; x_wconf 85' lang='lat' dir='ltr'><strong>vi</strong></span> <span class='ocrx_word' id='word_1_196' title='bbox 163 2341 345 2403; x_wconf 88' lang='lat' dir='ltr'><strong>tempestatum</strong></span> <span class='ocrx_word' id='word_1_197' title='bbox 355 2335 490 2409; x_wconf 87' lang='lat' dir='ltr'><strong>Cythnum</strong></span> <span class='ocrx_word' id='word_1_198' title='bbox 501 2336 617 2391; x_wconf 89' lang='lat' dir='ltr'><strong>insulam</strong></span> <span class='ocrx_word' id='word_1_199' title='bbox 627 2336 761 2399; x_wconf 88' lang='lat' dir='ltr'><strong>detrusus,</strong></span> <span class='ocrx_word' id='word_1_200' title='bbox 768 2343 793 2388; x_wconf 91' lang='lat' dir='ltr'><strong>et</strong></span> <span class='ocrx_word' id='word_1_201' title='bbox 803 2335 919 2390; x_wconf 89' lang='lat' dir='ltr'><strong>militum</strong></span> 
     </span>
     <span class='ocr_line' id='line_1_30' title="bbox 125 2408 921 2479; baseline 0.006 -18"><span class='ocrx_word' id='word_1_202' title='bbox 125 2408 256 2479; x_wconf 89' lang='lat' dir='ltr'><strong>quosdam</strong></span> <span class='ocrx_word' id='word_1_203' title='bbox 270 2426 304 2463; x_wconf 80' lang='lat' dir='ltr'><strong>ex</strong></span> <span class='ocrx_word' id='word_1_204' title='bbox 318 2408 425 2466; x_wconf 89' lang='lat' dir='ltr'><strong>Oriente</strong></span> <span class='ocrx_word' id='word_1_205' title='bbox 434 2413 639 2467; x_wconf 91' lang='lat' dir='ltr'><strong>commeantium</strong></span> <span class='ocrx_word' id='word_1_206' title='bbox 650 2411 771 2474; x_wconf 80' lang='lat' dir='ltr'><strong>adscivit,</strong></span> <span class='ocrx_word' id='word_1_207' title='bbox 783 2410 824 2464; x_wconf 90' lang='lat' dir='ltr'><strong>vel</strong></span> <span class='ocrx_word' id='word_1_208' title='bbox 835 2411 921 2466; x_wconf 88' lang='lat' dir='ltr'><strong>abnn-</strong></span> 
     </span>
     <span class='ocr_line' id='line_1_31' title="bbox 126 2484 921 2559; baseline 0.006 -23"><span class='ocrx_word' id='word_1_209' title='bbox 126 2492 198 2537; x_wconf 90' lang='lat' dir='ltr'><strong>entes</strong></span> <span class='ocrx_word' id='word_1_210' title='bbox 209 2484 320 2540; x_wconf 83' lang='lat' dir='ltr'><strong>interfici</strong></span> <span class='ocrx_word' id='word_1_211' title='bbox 329 2486 417 2550; x_wconf 84' lang='lat' dir='ltr'><strong>iussit,</strong></span> <span class='ocrx_word' id='word_1_212' title='bbox 430 2496 454 2541; x_wconf 88' lang='lat' dir='ltr'><strong>et</strong></span> <span class='ocrx_word' id='word_1_213' title='bbox 464 2487 582 2558; x_wconf 89' lang='lat' dir='ltr'><strong>spoliatis</strong></span> <span class='ocrx_word' id='word_1_214' title='bbox 596 2486 810 2559; x_wconf 75' lang='lat' dir='ltr'><strong>negotiatoribus,</strong></span> <span class='ocrx_word' id='word_1_215' title='bbox 819 2487 921 2541; x_wconf 91' lang='lat' dir='ltr'><strong>manci-</strong></span> 
     </span>
     <span class='ocr_line' id='line_1_32' title="bbox 114 2559 920 2635; baseline 0.009 -26"><span class='ocrx_word' id='word_1_216' title='bbox 114 2560 229 2627; x_wconf 78' lang='lat' dir='ltr'><strong>piorum</strong></span> <span class='ocrx_word' id='word_1_217' title='bbox 245 2559 457 2616; x_wconf 79' lang='lat' dir='ltr'><strong>valentissimum</strong></span> <span class='ocrx_word' id='word_1_218' title='bbox 472 2578 608 2635; x_wconf 83' lang='lat' dir='ltr'><strong>quemque</strong></span> <span class='ocrx_word' id='word_1_219' title='bbox 622 2562 743 2616; x_wconf 79' lang='lat' dir='ltr'><strong>armarit.</strong></span> <span class='ocrx_word' id='word_1_220' title='bbox 782 2560 920 2616; x_wconf 87' lang='lat' dir='ltr'><strong>Centurio-</strong></span> 
     </span>
    </p>

    <p class='ocr_par' dir='ltr' id='par_1_5' title="bbox 82 2633 955 2793">
     <span class='ocr_line' id='line_1_33' title="bbox 101 2633 936 2709; baseline 0 -26"><span class='ocrx_word' id='word_1_221' title='bbox 101 2643 226 2709; x_wconf 74' lang='lat' dir='ltr'><strong>eemque</strong></span> <span class='ocrx_word' id='word_1_222' title='bbox 236 2633 397 2705; x_wconf 84' lang='lat' dir='ltr'><strong>Sisennam,</strong></span> <span class='ocrx_word' id='word_1_223' title='bbox 411 2639 534 2706; x_wconf 80' lang='lat' dir='ltr'><strong>dextras,</strong></span> <span class='ocrx_word' id='word_1_224' title='bbox 548 2639 709 2695; x_wconf 86' lang='lat' dir='ltr'><strong>concordiae</strong></span> <span class='ocrx_word' id='word_1_225' title='bbox 715 2633 936 2705; x_wconf 40' lang='lat' dir='ltr'><strong>insuasum-</strong></span> 
     </span>
     <span class='ocr_line' id='line_1_34' title="bbox 82 2703 955 2793; baseline 0.018 -47"><span class='ocrx_word' id='word_1_226' title='bbox 82 2712 128 2748; x_wconf 74' lang='lat' dir='ltr'><strong>aer</strong></span> <span class='ocrx_word' id='word_1_227' title='bbox 142 2709 288 2765; x_wconf 70' lang='lat' dir='ltr'><strong>exereitus</strong></span> <span class='ocrx_word' id='word_1_228' title='bbox 301 2716 427 2773; x_wconf 86' lang='lat' dir='ltr'><strong>nomine</strong></span> <span class='ocrx_word' id='word_1_229' title='bbox 440 2717 475 2776; x_wconf 87' lang='lat' dir='ltr'><strong>ad</strong></span> <span class='ocrx_word' id='word_1_230' title='bbox 491 2718 691 2793; x_wconf 86' lang='lat' dir='ltr'><strong>praetorianos</strong></span> <span class='ocrx_word' id='word_1_231' title='bbox 706 2713 855 2768; x_wconf 61' lang='lat' dir='ltr'><strong>terentem„</strong></span> <span class='ocrx_word' id='word_1_232' title='bbox 869 2703 955 2755; x_wconf 56' lang='lat' dir='ltr'><strong>uerita</strong></span> 
     </span>
    </p>
   </div>
   <div class='ocr_carea' id='block_1_3' title="bbox 0 0 980 3016">
    <p class='ocr_par' dir='ltr' id='par_1_6' title="bbox 0 0 980 3016">
     <span class='ocr_line' id='line_1_35' title="bbox 0 0 980 3016; baseline 0 0"><span class='ocrx_word' id='word_1_233' title='bbox 0 0 980 3016; x_wconf 95' lang='lat' dir='ltr'><strong> </strong></span> 
     </span>
    </p>
   </div>
  </div>
 </body>
</html>
