1950 3016
81 206 132 261 216
316 205 642 254 manuninum
741 194 765 269 (Δ

81 311 165 364 sentia
185 307 317 379 placuere.
356 307 516 362 Scribuntur
538 305 573 362 ad
591 306 720 360 Treveros
740 321 765 375 ep

81 386 189 438 nomine
208 383 366 449 Galliarum,
387 392 417 436 ut
435 386 594 437 obsum
616 386 707 442 ormo,
728 385 765 448 inp

79 464 156 512 cruia
169 468 193 512 et
205 464 310 525 porotr'a
322 459 540 526 deprecatoribus,
554 462 580 510 ai
587 460 736 523 poeniteret.

79 532 151 586 idem
170 531 341 597 Valentinus,
365 532 552 602 obstruxitque
572 531 687 584 usitatis
705 546 765 583 sarar

79 606 152 662 haud
161 605 650 678 perindainstrnendobeilcintentus,
659 603 765 676 quami

79 682 262 737 concionibus.

133 758 177 810 70.
197 757 282 829 igitur
300 772 353 823 non
362 755 470 809 Trevoei
489 770 577 825 ncqm
591 753 725 824 Lingones
744 769 765 806 cr

78 830 220 917 rebellium
233 832 353 885 civiutes
364 846 413 899 pro
422 828 606 916 magnitudine
615 827 765 898 snsceptiri

79 921 246 1032 {otuu
257 901 765 1050 urimuffliutui

78 1052 190 1106 bconcm
200 1069 293 1122 capere
302 1060 348 1105 aut
357 1052 498 1106 exturbare
512 1053 618 1119 nititur;
640 1050 765 1105 Classiam

78 1124 238 1197 pierumque
249 1127 334 1180 otium
350 1127 467 1190 trahens,
482 1126 556 1182 velut
566 1135 640 1196 parto
650 1125 762 1195 imperio

80 1208 131 1254 tur.
170 1201 211 1254 Ne
221 1200 303 1256 Tutor
312 1201 422 1271 quidem
437 1202 580 1256 maturavit
589 1202 753 1270 superiorem

77 1275 138 1329 niae
152 1275 239 1347 ripam
250 1285 276 1330 et
289 1275 371 1330 ardua
381 1275 491 1346 Alpium
505 1276 645 1346 praesidiis
659 1274 765 1328 clauder

77 1366 132 1420 qua
145 1351 252 1406 interim
267 1352 473 1406 unoetvicesimo
487 1350 555 1422 legio
565 1350 735 1411 Vindonissa,
749 1349 765 1401 S

78 1424 154 1480 Felix
167 1443 230 1481 cum
243 1427 392 1481 auxiliariis
401 1425 553 1480 cohortibus
562 1441 609 1495 per
620 1425 757 1477 Rhoetiam

77 1517 116 1554 re.
154 1501 273 1556 Accessit
285 1500 325 1556 aia
338 1500 532 1573 Singularium,
552 1500 637 1553 excita
651 1497 715 1552 olim
730 1515 745 1552 a
760 1498 765 1517 ¹

77 1575 174 1630 deinde
184 1578 212 1630 in
222 1584 309 1646 partes
319 1575 475 1645 Vespasiani
486 1582 658 1646 transgressa.
700 1573 765 1626 Prae

79 1648 132 1704 lius
146 1650 322 1722 Briganticus,
338 1666 427 1703 sorore
440 1648 535 1703 Civilis
544 1650 660 1722 genitus,
672 1655 701 1701 ut
712 1646 765 1701 feru

78 1724 146 1777 rima
159 1725 342 1794 proximorum
356 1723 415 1778 odia
430 1731 502 1788 sunt,
520 1724 626 1778 invisus
641 1721 765 1777 avunculr

78 1797 765 1928 muniitiffiiuciffliissu

77 1953 104 1999 te
117 1953 197 2017 atquc
209 1947 299 2017 equite
313 1946 439 2012 firmarit,
455 1949 591 2018 conruptis
601 1965 659 2018 spe,
671 1956 717 2001 aut
727 1964 765 2001 ma

77 2023 143 2075 actis
157 2020 323 2094 legionariis:
343 2023 391 2093 qui
405 2022 492 2093 primo
506 2023 649 2086 cohortem,
668 2023 765 2092 praemi

77 2095 187 2151 Sextilio
200 2096 297 2161 Felice,
312 2097 488 2164 interficiunt3
509 2114 573 2152 mox
582 2097 628 2151 ubi
639 2097 721 2150 duces
731 2114 764 2150 ex

78 2188 132 2243 que
142 2171 276 2226 Romanus
286 2171 509 2243 propinquabant,
525 2172 635 2226 honesto
650 2170 765 2244 transfug

77 2263 130 2312 ere,
144 2247 244 2300 secutis
259 2247 378 2302 Tribocis
392 2246 449 2300 Van
470 2246 629 2319 'opibusque
642 2254 667 2299 ct
679 2245 765 2300 Caere«

78 2321 168 2386 Tutor,
184 2321 305 2376 Treveris
318 2322 452 2377 comitanti
474 2339 515 2385 us,
532 2323 613 2375 vitato
625 2321 765 2393 Mogontia(

76 2396 153 2468 gium
167 2396 305 2461 concessit,
322 2396 406 2450 fidens
417 2394 481 2459 loco,
496 2397 560 2466 quia
571 2404 678 2466 pontem
690 2397 765 2449 Nava

78 2471 121 2524 nis
130 2470 279 2541 abruperat.
319 2468 765 2540 Sedincursucohortium,quasS

76 2543 198 2609 ducebat,
210 2552 235 2598 et
244 2553 346 2614 reperto
355 2544 431 2608 rado,
442 2544 563 2614 proditus
573 2544 715 2616 fususque.
752 2545 765 2598 l

76 2618 193 2688 perculsi
209 2619 326 2684 Treveri,
348 2627 373 2673 et
385 2618 485 2690 plebes,
506 2620 614 2673 omissis
627 2620 720 2682 armis,
740 2636 765 2689 pr

74 2689 190 2762 palatur.
216 2691 331 2758 Quidam
339 2693 541 2766 principum‚ut
548 2695 631 2764 primi
640 2695 765 2766 posuisse
