1950 3016
110 172 144 227 ot
349 178 673 227 ursuonrsnun
772 167 904 242 (uuam.

110 278 252 335 senatoris:
272 281 337 333 dori
348 288 454 349 tempus,
469 285 511 335 etti
524 286 650 343 otimiano,
663 283 783 351 quomam
796 285 906 335 moinum

109 372 142 409 oe
156 362 295 419 nocentem,
315 373 385 409 more
400 365 485 410 tomen
498 361 664 419 sortiendum,
684 355 836 411 oensebnnt.
874 356 907 411 Et

109 427 218 485 valuere
227 430 325 500 primo,
336 430 471 502 dilataque
480 432 507 486 in
519 448 617 501 pauoos
628 430 685 485 dies
696 431 820 502 oognitio.
846 430 906 487 ilex

109 503 251 559 damnatus
260 514 300 559 est
305 506 430 568 Faustus,
437 523 607 577 nequaquam
616 523 647 560 eo
655 505 769 560 arbeneu
780 506 904 571 civitatis,

110 597 192 653 quem
203 581 328 652 pessimis
341 581 462 636 moribus
471 587 616 635 meruerat:
636 582 737 652 quippe
748 582 839 651 ipsum
849 579 906 636 Cri-

109 672 190 726 epum
199 655 305 711 easdem
315 656 562 711 adeusationeseum
570 657 844 726 praemioexerouisse
852 672 906 711 me·

110 732 250 787 minorant.
283 732 338 786 Neo
347 748 429 802 mena
440 730 571 795 oriminis,
581 731 629 785 sed
642 730 887 802 ultordisplioebat.

167 810 208 861 rt.
229 806 307 861 Laeta
321 807 426 860 interim
438 805 536 861 Othoni
549 806 680 876 principia
693 805 768 871 belli,
781 807 861 861 motis
872 804 906 861 ad

109 881 254 953 imperium
274 881 333 936 eius
351 897 367 934 e
385 880 513 937 &lenatia
527 880 716 952 Pannoniaque
734 882 904 937 exercitibus.

109 956 195 1012 Fuere
203 962 318 1028 quatuor
328 954 458 1029 legiones:
474 957 600 1028 equibus
609 956 671 1011 bina
681 955 767 1011 millia
777 957 906 1028 praemie-

109 1049 153 1098 sa;
172 1031 248 1101 ipsae
261 1029 373 1085 modieis
385 1031 532 1087 intervallis
545 1031 739 1103 sequebantur:
762 1034 905 1103 septimae

110 1104 193 1163 Galba
206 1107 367 1177 oonsoripta:
390 1115 526 1162 veteranae
538 1106 679 1162 undecima
688 1124 719 1161 ae
728 1107 906 1162 whadeoim

110 1188 136 1235 et
148 1181 290 1252 praecipua
303 1181 374 1237 lama
386 1181 631 1253 quartadecumani,
646 1181 789 1238 rebellione
802 1183 905 1239 Britan-

109 1257 169 1313 niae
178 1273 340 1328 oompressa.
370 1257 513 1313 Addiderat
521 1255 633 1330 gloriam
643 1257 722 1322 Nero,
733 1256 866 1331 eligendo,
877 1263 906 1313 ut

108 1332 272 1405 potissimos.
312 1331 387 1389 Unde
406 1332 484 1406 longa
502 1332 557 1387 illis
571 1349 632 1406 erge
647 1333 778 1390 Neronem
793 1332 869 1398 lidos,
880 1338 905 1389 et

109 1416 193 1463 ereota
214 1408 242 1464 in
252 1406 383 1465 Othonem
402 1407 499 1463 studia.
537 1407 599 1474 Sed,
613 1425 668 1481 quo
681 1406 744 1479 plus
761 1408 861 1463 uirium
877 1424 906 1463 ee

108 1483 243 1549 roboriam
251 1483 348 1539 lidueia
359 1484 467 1539 tarditas
476 1485 569 1539 inerat.
589 1482 693 1556 hgmen
704 1482 840 1556 legionum
849 1482 905 1537 alae

108 1560 282 1631 oolrortesque
290 1559 503 1631 praeveniebant.
519 1559 553 1613 Et
562 1575 595 1613 ex
604 1559 663 1629 ipsa
672 1558 739 1613 urbe
748 1557 821 1613 haud
831 1575 905 1630 sper·

109 1635 194 1690 nenda
204 1652 312 1699 manus,
323 1637 445 1707 quinque
454 1635 597 1705 praetoriae
606 1633 737 1699 eohortes‚
748 1641 774 1688 et
782 1635 904 1706 equitum

109 1708 207 1766 vexilla
217 1727 279 1765 eum
290 1708 393 1783 legione
402 1708 502 1779 prima:
521 1725 552 1762 ae
561 1706 678 1763 delorrne
687 1709 798 1780 insuper
807 1708 905 1765 auxili·

108 1801 166 1849 um,
178 1784 232 1839 duo
242 1783 326 1839 millia
335 1783 576 1857 gladiatorum‚sed
585 1800 632 1854 per
641 1783 732 1839 civilia
741 1801 816 1839 arura
826 1786 905 1839 etism

108 1859 209 1915 severis
220 1859 335 1914 ducibus
347 1867 516 1929 usurpatum.
556 1859 604 1913 llis
614 1859 697 1930 oopiis
707 1867 790 1915 rector
799 1859 905 1917 additus

107 1935 214 1991 Annius
228 1933 332 1998 Gallus,
342 1951 404 1989 oum
414 1933 543 2011 Vestricio
549 1932 684 2005 Spurinna
697 1934 731 1990 ad
739 1935 906 2007 ooertpandae

108 2011 172 2067 Padi
193 2011 265 2082 ripas
284 2010 463 2080 praemissus:
484 2011 611 2081 quoniam
627 2010 714 2081 prima
732 2011 904 2067 consiliorum

107 2086 206 2143 frustra
215 2085 372 2151 ceciderant,
379 2093 543 2159 transgresso
551 2085 690 2157 iamdlpes
695 2084 906 2158 Caeninaquem

108 2163 168 2218 sisti
181 2162 250 2217 intra
265 2161 366 2218 Gallias
379 2178 459 2233 posse
472 2169 631 2232 speraverat.
670 2163 763 2233 Ipsum
774 2159 906 2217 Othonem

108 2237 301 2294 oomitnhnntur
314 2236 510 2309 speculatorum
525 2235 590 2292 lecta
603 2254 721 2307 oorpora,
737 2254 799 2291 cum
812 2238 906 2293 esteris

107 2313 245 2384 praetoriis
254 2312 417 2379 oohortibus‚
428 2312 547 2369 veterani
555 2329 571 2366 e
579 2312 717 2383 praetorio,
731 2310 905 2368 elassioorum

107 2389 203 2459 ingens
217 2405 356 2442 numerus.
396 2389 451 2443 Neo
464 2387 505 2442 illi
519 2404 601 2460 segne
614 2395 659 2441 aut
668 2396 828 2459 oonruptum
839 2387 906 2445 luxu

107 2463 171 2517 iter:
192 2461 239 2517 sed
253 2462 332 2518 lorica
347 2461 429 2517 ierrea
443 2479 510 2516 usus
520 2470 570 2527 est,
583 2469 678 2517 stante
687 2463 764 2536 signa
773 2464 904 2535 pedester.

108 2537 241 2602 horridus,
254 2538 416 2610 incomptus,
429 2534 567 2606 famaeque
576 2536 726 2592 dissimilis.

153 2615 191 2663 lt,
207 2611 405 2672 Blandiebatur
412 2611 517 2687 ooeptie
527 2609 828 2685 iortunapossessaper
835 2630 912 2665 mara

72 2684 203 2738 anates
211 2688 322 2748 maiore
331 2691 431 2751 ltaliae
440 2699 534 2769 parte,
547 2690 665 2767 penitus
670 2702 765 2760 usqne
773 2684 932 2739 Mem
