1950 3016
66 184 191 259 aava)
220 192 229 219 u
277 195 355 239 nss.
375 194 426 241 ιιι
448 195 537 241 can.
558 196 599 243 aa.
620 197 664 246 as.
825 193 872 247 itt

122 295 166 350 tt.
187 295 260 349 Luce
269 295 357 365 prima
366 293 494 360 Sabinus,
507 303 651 368 antequam
661 297 777 355 invisam
788 299 873 355 hasti-

67 370 104 425 lia
114 377 275 441 coaptarent,
287 368 441 425 Cornelium
451 370 609 436 Martialem,
623 372 870 444 aprimipilaribus,

65 445 101 500 ad
111 444 251 501 Vitellium
261 444 346 509 misit,
360 461 423 499 cum
433 450 565 501 mandatis
574 455 598 500 ct
607 456 706 515 questu,
717 454 872 517 aucupante

66 524 249 575 turbarentur.
289 519 487 575 simulationem
492 538 605 588 prorsus
614 529 638 575 st
648 526 784 590 imapincm
794 529 872 592 depa-

65 600 146 649 uendi
159 599 265 663 imperii
278 600 366 664 fuisse,
382 598 418 649 ad
431 598 594 663 decipiendas
609 603 646 650 tat
660 598 782 651 iuluctrea
791 603 870 653 airas.

68 670 123 724 Cass
136 675 205 724 cuim
220 688 233 724 e
247 675 344 724 rastris
355 674 450 738 (ratris
462 674 573 732 domum,
588 674 754 725 iumiucatem
765 678 831 741 turc,
848 683 872 727 et

65 749 211 799 imitandis
225 748 355 799 homiuum
369 747 460 806 acutis,
476 762 555 813 quam
568 745 723 799 Avaiccuam
732 755 756 799 ot
765 747 872 803 Paaatcs

65 823 163 875 uaeris
169 817 295 886 petisset?
310 820 352 873 lta
358 823 465 886 priuata
474 828 498 875 ct
507 837 605 873 amcam
611 825 778 887 principatus
787 827 872 890 speci-

65 911 106 948 um
124 899 220 948 uitami
239 898 393 949 cauusuisss.
435 892 533 949 Contra
551 894 679 949 Vitellium
692 899 721 949 ia
730 898 869 963 palatium,

65 973 94 1023 iu
103 973 190 1036 ipsam
198 972 302 1035 imperii
311 985 565 1035 acacmrcprcssum:
578 972 870 1040 iudcarmatumapmcu

64 1048 201 1097 siuissum:
224 1051 336 1097 stratam
353 1046 529 1097 innocentium
542 1047 663 1098 caedibus
678 1047 871 1101 celeberrimam

64 1121 140 1173 urbis
146 1126 266 1186 partem:
285 1134 317 1171 nc
329 1115 570 1185 Capitolioquidcm
579 1120 712 1173 abstineri.
744 1121 868 1189 Tcpatum

64 1210 154 1260 sempe
164 1210 199 1256 se,
211 1201 235 1246 ct
246 1195 526 1256 accucusatoribus,
537 1197 599 1246 dum
607 1197 676 1247 iuter
685 1194 869 1262 Vespasianum

64 1286 97 1323 uc
116 1269 246 1322 Vitellium
262 1269 372 1334 procliis
391 1269 527 1334 lupianum,
547 1271 741 1334 captivitatibus
754 1273 866 1333 urbium,

63 1345 239 1397 asaiucaiius
247 1342 753 1408 cohortiumiudicatur,iam,liispausis
759 1342 869 1399 Germa-

63 1421 167 1485 uiisquc
180 1425 205 1470 ct
217 1418 360 1471 Britannia
371 1418 577 1478 desciscentibus,
594 1420 705 1484 fratrem
719 1416 869 1484 Vespasiani

63 1497 191 1547 matutam
209 1496 239 1546 iu
251 1495 310 1560 aaa,
330 1495 409 1545 dauac
423 1493 494 1543 ultra
506 1493 542 1543 aa
552 1493 710 1545 cmtditicucs
721 1499 867 1547 uocaretur.

63 1568 157 1621 Pacsm
176 1575 201 1621 ct
221 1570 386 1621 amaccdiam
404 1568 481 1619 victis
498 1566 590 1631 utilia;
614 1567 755 1620 uictoribus
768 1573 868 1621 tautum

60 1645 177 1711 pulchra
194 1658 256 1697 caso.
295 1640 325 1696 Si
340 1643 514 1695 couacuticuis
526 1642 664 1707 paeniteat,
679 1656 732 1693 unu
744 1657 780 1703 sc,
794 1658 868 1709 puceu

59 1720 176 1785 perfidia
192 1720 328 1783 cicccpmt,
347 1720 419 1784 secra
430 1722 535 1782 pataret,
551 1731 603 1768 aaa
611 1717 695 1783 litium
706 1715 866 1784 Vespasiani,

63 1794 249 1858 stapucerua
290 1791 596 1856 Quantumoccisisuuc
604 1795 865 1856 ssusotuuaiuceue,

61 1864 176 1934 pratici?
194 1867 250 1921 Iret
259 1868 361 1921 obuiam
371 1867 520 1933 tepiauiius,
530 1873 554 1921 et
564 1869 595 1919 aa
603 1881 703 1921 summa
712 1883 801 1921 retum
811 1870 867 1920 illic

64 1949 192 1997 mrtarct:
226 1950 311 1995 cetera
333 1944 474 1995 secuudum
496 1949 612 1995 cacatum
632 1944 728 2008 pesclu
749 1959 865 1996 cessum.

63 2015 199 2087 Trepidus
213 2014 247 2070 ad
260 2014 325 2069 haec
335 2014 458 2069 Vitellius
472 2031 556 2085 panca
570 2015 702 2088 purgandi
716 2017 761 2071 sui
771 2033 865 2071 caussa

62 2089 211 2161 suspendit,
227 2089 335 2160 culpam
348 2091 378 2143 in
392 2088 505 2146 militam
519 2089 672 2156 conlucens,
688 2091 766 2145 auius
781 2091 866 2145 nimio

62 2167 152 2221 ardori
175 2167 307 2236 imparem
326 2181 385 2221 esse
404 2164 560 2219 modestiam
583 2182 671 2223 suam.
710 2164 744 2219 Et
762 2165 867 2220 monuit

62 2239 223 2305 llurtinlsm,
241 2247 271 2296 ut
283 2256 330 2310 per
340 2247 467 2297 muctam
476 2239 583 2295 aedium
595 2247 695 2310 pactam
709 2238 809 2293 occulte
819 2239 866 2293 ab-

62 2317 122 2381 iret,
134 2332 169 2371 na
179 2333 194 2369 a
204 2315 337 2370 militibus
347 2316 528 2371 internuntius
539 2315 641 2369 invisae
651 2313 724 2383 pacis
734 2312 865 2368 interlice-

61 2402 149 2447 ruur:
172 2391 231 2461 ipsa
245 2407 334 2461 nequa
347 2388 458 2445 iubendi
472 2405 560 2459 neque
576 2388 680 2443 vetandi
695 2394 798 2457 patens,
812 2405 864 2443 non

61 2466 118 2523 imn
130 2468 284 2537 imperator,
296 2465 343 2521 sed
352 2472 456 2519 tantum
465 2462 643 2528 bellicensis,
657 2471 721 2517 erat.

117 2543 162 2595 ll.
183 2539 302 2595 Vixdum
317 2557 438 2615 regressa
450 2540 481 2595 in
495 2536 661 2614 Capitulium
669 2536 817 2602 imsulsusx
829 2536 880 2589 ts-

52 2633 120 2667 tans
136 2614 217 2668 milas
235 2615 336 2683 adeum,
358 2615 438 2675 nulla
450 2616 540 2676 duas:
564 2617 622 2677 albi
639 2618 768 2693 <suasanus
786 2617 904 2665 suumn·-

40 2688 97 2738 cito
104 2689 215 2756 agmine
224 2687 317 2749 laeum
329 2702 357 2753 at
364 2695 548 2757 inminentia
557 2697 621 2759 lam
630 2692 750 2765 templa
754 2691 929 2766 mim*
