1950 3016
133 220 181 271 tte
371 220 701 269 uranonunnn
793 211 924 287 (noan

133 327 179 376 bers
191 326 316 386 aduersis,
327 328 462 379 dicentum
473 325 569 379 Vitellii
578 327 667 378 aciem.
705 323 780 376 Duae
790 330 852 376 tunc
860 324 927 377 Pon-

131 402 240 451 nontcoe
253 416 285 451 oo
296 399 424 454 Moesicae
437 402 497 453 otae
504 415 645 467 perrupere
653 401 763 451 nortem:
782 414 854 452 nunc
863 398 894 452 X
895 394 928 451 Vl

131 474 237 525 alarum
256 479 392 528 corttrencto
411 478 487 541 siano
502 476 581 539 pulsu
601 477 735 541 sonituque
753 480 778 525 et
792 475 859 526 trube
872 477 926 541 ipra

132 551 246 613 operient
270 564 302 601 oc
331 551 515 616 superpendent
538 549 629 599 oblitos
648 549 808 615 proeliorum
834 551 927 616 equitet

132 638 266 689 equosque.
305 622 365 676 Nisi
383 626 442 689 qais
459 625 563 684 retinet,
589 625 656 674 idem
676 638 771 675 anneot·
787 631 926 691 auctorque

132 699 235 749 consilii
245 713 297 749 ero.
334 696 388 757 Vos,
400 697 492 762 quibas
500 700 606 763 fortuna
616 700 644 749 in
653 700 753 764 intepro
762 705 808 759 cst,
820 700 927 765 teptoner

133 775 271 823 continete:
291 772 353 822 milti
366 773 501 836 capedttoe
515 772 630 823 cohortes
642 774 779 839 sufficient.
819 773 877 825 lom
886 788 927 825 re·

131 854 245 899 seratam
256 845 369 906 ltaliam,
381 846 498 910 inpulsas
513 843 609 897 Vitellii
618 861 660 898 ree
669 849 788 900 audietis.
829 847 927 901 iacebit

131 923 205 987 sequi
214 927 239 971 et
247 921 362 985 vestiatis
373 921 499 972 vinceretis
511 922 636 973 insistere.

187 1028 212 1079 3.
234 1024 303 1078 llaec
312 1034 390 1096 atquc
400 1025 471 1091 talia,
482 1024 595 1099 flagrans
605 1027 700 1091 oculis,
711 1027 779 1081 truci
791 1044 865 1094 voce,
875 1042 926 1099 quo

132 1098 212 1154 latius
221 1099 367 1164 audiretur,
382 1100 489 1173 (etenim
500 1119 529 1155 se
538 1103 705 1155 centuriones
720 1101 868 1173 etquidem
878 1103 927 1157 mi·

133 1173 209 1227 litum
220 1173 330 1229 consilio
341 1176 511 1248 miscuerant)
525 1177 559 1230 ita
570 1175 671 1239 alludit,
683 1184 712 1229 ut
722 1184 812 1230 cautos
822 1193 926 1249 quoque

132 1265 163 1302 ac
176 1249 300 1320 providos
315 1260 488 1320 permoveret,
504 1250 603 1323 vulgus
618 1259 643 1304 et
652 1252 729 1304 ceteri
742 1268 828 1304 unum
840 1253 925 1306 virum

132 1323 292 1396 ducemque,
313 1335 399 1396 spreta
414 1325 525 1381 aliorum
542 1326 663 1398 segnitia,
684 1325 810 1380 laudibus
822 1325 924 1381 ferrent.

132 1399 206 1454 Hanc
229 1401 271 1454 sui
297 1398 393 1454 lamam
420 1418 449 1454 ea
474 1401 561 1454 statim
589 1400 714 1455 concione
741 1408 925 1466 commoverat,

132 1492 196 1547 qua,
216 1476 331 1530 recitatis
344 1476 498 1546 Vespasiani
520 1475 648 1546 epistolis,
670 1492 732 1539 non,
753 1483 783 1529 ut
797 1474 925 1548 plerique,

133 1550 230 1604 incerta
248 1549 384 1614 disseruit,
406 1551 459 1604 huc
479 1549 543 1603 illuc
557 1559 689 1603 tracturus
705 1551 926 1621 interpretatione,

112 1631 211 1695 'prout
225 1624 407 1691 conduxisset,
428 1632 516 1694 aperte
530 1623 699 1678 descendisse
713 1625 739 1678 in
756 1642 880 1680 caussam
889 1625 928 1681 vi-

132 1698 257 1784 debatur:
279 1714 363 1768 coque
375 1699 473 1771 gratior
488 1697 620 1753 militibus
635 1707 698 1764 erat,
715 1698 809 1770 culpae
821 1700 864 1756 vel
873 1699 928 1775 glo-

132 1787 293 1825 naesoctus.

188 1891 212 1944 l.
234 1889 356 1943 Proxima
367 1888 481 1944 Cornelii
495 1890 574 1945 Fusci
591 1892 768 1962 procuratoris
777 1893 924 1949 auctoritas.

132 1965 158 2018 ls
167 1980 285 2036 quoque,
297 1963 467 2019 inclementer
477 1965 505 2019 in
516 1965 652 2020 Vitellium
666 1966 758 2020 invehi
767 1969 873 2033 solitus,
886 1967 927 2021 ni·

133 2039 170 2093 bil
189 2040 246 2109 spei
261 2038 314 2093 sibi
328 2040 396 2094 inter
410 2039 519 2095 adversa
532 2040 685 2112 reliquerat.
725 2042 800 2096 Titus
813 2043 926 2114 Ampius

132 2114 286 2179 Flavianus,
308 2123 399 2169 natura
419 2131 450 2169 ac
469 2124 573 2170 senecta
591 2123 739 2181 cunctator,
762 2117 926 2189 suspiciones

131 2188 250 2243 militum
269 2189 406 2254 inritabat,
427 2197 564 2262 tamquam
583 2189 727 2245 adfinitatis
745 2209 808 2245 cum
823 2191 926 2248 Vitellio

132 2265 311 2318 meminisset:
331 2264 466 2336 idemque,
481 2265 564 2336 quod,
580 2273 714 2336 coeptante
725 2265 862 2338 legionum
872 2282 927 2321 mc

132 2346 170 2403 tu,
188 2337 327 2411 profugus,
342 2338 403 2392 dein
418 2348 511 2409 sponte
520 2348 689 2404 remeaverat,
704 2341 830 2410 perfidiae
841 2341 926 2397 locum

131 2413 269 2484 quaesisse
283 2412 446 2466 credebatur.
486 2414 553 2466 Nam
568 2413 736 2479 Flavianum,
751 2418 851 2471 amissa
861 2417 927 2471 Pan-

131 2487 221 2551 nonia,
241 2489 392 2559 ingressum
412 2485 527 2549 ltaliam,
548 2495 574 2540 et
591 2487 741 2544 discrimini
761 2500 924 2563 exemptum,

122 2578 217 2614 rerum
232 2578 363 2616 acrarum
379 2559 477 2633 cupido
490 2560 568 2634 legati
579 2579 677 2617 nomen
685 2582 831 2629 resumere,
841 2575 868 2621 at
877 2566 927 2621 mi-

105 2635 183 2687 aceri
203 2636 339 2693 civilibus
360 2638 464 2703 armis,
486 2635 644 2709 inpulerat:
673 2638 805 2692 suadente
819 2638 941 2690 amana

89 2700 207 2778 blesam
227 2728 304 2780 noo,
326 2716 397 2789 quia
414 2713 563 2773 industria
576 2712 716 2772 Flauiani
732 2708 847 2781 egebas
863 2705 962 2757 *sm
