1950 3016
245 91 295 149 me
485 92 811 143 urs'ronrnnul
909 84 967 159 (ur

246 214 313 253 num
328 193 435 261 molem,
451 195 530 252 euius
544 197 648 252 obiectu
658 196 793 253 revolutus
803 196 892 252 amnis
903 194 967 250 odia«

245 271 298 327 bus
317 270 564 342 superfunderetur.
602 272 641 327 Ea
660 271 711 327 loci
732 272 825 337 forma,
846 272 957 327 incertis

246 346 356 402 subdole
372 355 398 401 et
411 347 488 402 nobis
503 347 626 401 adversa:
648 348 750 419 quippe
763 347 841 401 miles
856 348 967 402 Romani

245 423 299 476 mis
318 422 409 495 gravis
425 430 451 476 et
465 421 546 477 nendi
560 421 688 492 pavidus3
710 422 871 487 Germanos,
887 420 963 476 llumi

246 505 344 562 suetos,
352 496 445 551 levites
456 513 590 550 armorum
602 504 626 550 et
635 497 777 567 proceritas
787 514 928 568 corporum
934 496 967 550 ad

302 575 343 626 tt.
364 573 457 644 Igitur,
479 571 669 625 lacessentibus
680 572 795 635 Batavis,
814 571 967 626 ferocissimi

246 663 300 718 que
319 655 467 702 nostrorum
488 654 609 717 coeptum
626 654 772 701 certamen:
794 646 967 701 deindeorte1

246 721 325 786 detio,
344 739 406 776 cum
419 720 543 791 praealtis
557 720 702 792 paludibus
717 738 799 786 arma,
816 723 890 793 equi,
905 721 968 775 henr

246 803 299 851 tur.
339 795 467 850 Germani
486 797 555 850 notis
573 795 649 850 vndis
663 795 855 868 persultabant,
875 797 967 851 omissi

247 886 362 941 rumque
377 868 470 934 fronte,
487 869 567 924 latera
581 879 693 944 actergo
704 870 953 926 circumvenientes.

246 961 310 1016 que,
331 942 409 997 utin
428 943 543 1014 pedestri
565 945 634 1010 nois,
653 947 775 1000 cominus
795 946 957 1014 certabatur3

245 1025 382 1089 tamquam
398 1017 487 1073 navali
500 1036 601 1092 pugna,
613 1021 675 1094 vagi
687 1020 756 1074 inter
765 1019 863 1085 undas,
878 1027 933 1086 eut,
945 1019 967 1074 si

246 1092 340 1147 stabile
349 1093 511 1159 occurrebat,
519 1095 579 1150 totis
589 1094 645 1149 illic
654 1095 809 1166 corporibus
820 1096 967 1160 nitentes,r

245 1168 295 1223 rati
309 1185 371 1223 cum
387 1168 508 1242 integris,
519 1171 597 1241 periti
608 1170 761 1225 nundinum
772 1171 911 1244 ignarisin
923 1187 967 1224 mu

245 1244 390 1316 perniciem
400 1243 605 1316 inplicabantur.
644 1246 731 1302 Minor
739 1253 838 1310 temen,
852 1262 935 1317 quem
945 1261 967 1317 p:

246 1320 344 1385 multu,
355 1319 463 1376 caedes:
484 1321 558 1392 quie,
570 1338 622 1376 non
633 1321 692 1375 ausi
703 1320 792 1394 egredi
802 1319 927 1392 paludem
934 1319 967 1375 Gr

245 1394 287 1461 ni,
299 1396 328 1451 in
342 1403 426 1450 castra
440 1394 549 1451 rediere.
588 1396 656 1451 Eius
668 1395 762 1468 proelii
776 1404 888 1450 eventus
899 1403 967 1450 utrm

245 1470 351 1535 ducem,
363 1470 477 1525 diversis
487 1471 570 1526 enimi
582 1471 709 1535 motibus,
724 1472 757 1526 ed
770 1471 960 1525 maturandum

245 1562 305 1600 mne
314 1545 353 1599 rei
364 1545 508 1599 discrimen
518 1546 609 1600 crexit.
640 1544 734 1601 Civilis
744 1547 844 1600 instare
853 1545 967 1600 fortunae

244 1619 319 1674 rinlis
329 1619 433 1674 abolere
443 1621 627 1692 ignominiam.
649 1621 775 1676 Germani
785 1622 919 1691 prosperis
930 1620 967 1676 ier

245 1693 377 1748 Romanos
387 1693 473 1766 pudor
483 1695 650 1750 excitaverat.
680 1697 739 1750 Nox
748 1695 819 1765 npud
829 1695 957 1752 barbaros

246 1775 291 1821 eut
300 1766 423 1831 clamore,
435 1769 534 1823 nostris
544 1787 590 1839 per
601 1771 669 1824 iram
678 1777 704 1824 et
713 1771 810 1835 mines,
821 1778 886 1824 ecta.

300 1845 342 1897 ld.
355 1843 459 1898 Postera
470 1842 529 1899 luce
540 1844 650 1900 Cerialis
660 1846 749 1917 equite
759 1853 784 1899 et
792 1845 941 1901 auxiliariis
951 1862 967 1901 e

245 1917 318 1971 tibus
331 1916 441 1972 frontem
452 1918 552 1989 explet:
574 1920 727 1974 insecundo
738 1920 793 1974 acie
804 1919 920 1994 legiones
931 1920 967 1976 lot

244 1990 301 2047 dux
311 1992 362 2047 sibi
373 1991 486 2048 delectos
496 1995 639 2050 retinuerat
647 1995 680 2050 ed
691 1996 835 2065 inprovisa.
866 1993 963 2050 Civilis

243 2075 365 2139 porrecto
373 2068 489 2140 agmine,
501 2069 549 2123 sed
559 2071 660 2134 cuneis,
672 2070 781 2125 adstitit.
808 2071 899 2124 Batavi
910 2071 967 2127 Gne

189 2178 195 2189 ·
245 2160 298 2214 que
308 2143 337 2197 in
346 2142 451 2211 dextro3
473 2142 547 2199 laeve
556 2162 586 2199 ac
598 2144 719 2215 propiora
731 2143 850 2199 fluminis
862 2128 967 2201 Transrl

245 2219 273 2271 ni
293 2225 409 2272 tenuere.
449 2218 603 2274 Exhortatio
621 2218 732 2284 duc-um,
752 2237 804 2274 non
819 2237 967 2276 moremur

245 2292 317 2361 apud
326 2293 532 2358 universos,sed
541 2303 570 2348 ut
579 2310 702 2366 quosque
712 2311 823 2350 suorum
833 2295 967 2352 advehebe

245 2365 354 2423 Cerialis
368 2377 478 2423 ueterem
491 2370 601 2424 Romani
614 2374 725 2424 nominis
736 2373 856 2438 pieriam,
868 2377 967 2441 antiqu

245 2451 377 2512 centesque
391 2447 531 2498 victorina:
550 2453 579 2498 ut
590 2448 724 2513 perfidum,
744 2450 875 2514 ignavum,
889 2451 967 2502 victur

231 2524 305 2583 stem,
332 2522 362 2576 ἐκ
378 2530 519 2579 aeternum
541 2523 703 2578 ecciderunt.
742 2521 844 2574 utrius
853 2527 949 2588 omos,

213 2596 337 2664 proelio,
354 2615 425 2670 opus
439 2618 506 2661 erse.
532 2600 695 2659 'Peuctoree
706 2611 790 2664 cuper
807 2595 967 2658 musterus
