1950 3016
132 194 181 248 330
365 198 416 246 DE
434 196 686 246 annectamus

188 304 229 356 3l.
251 302 305 357 lloc
321 300 373 355 sibi
387 299 428 355 illi
438 307 538 355 veteres
547 305 741 372 persuaserant.
780 295 928 354 Adbocel-

133 375 275 431 ficiendum
289 375 470 449 intelligebant
485 392 553 446 opus
567 391 636 438 esse,
653 390 705 429 non
715 381 745 428 ut
756 373 783 428 in
793 373 927 429 rhetorum

132 450 230 506 scholis
244 450 432 516 declamarent,
443 468 492 505 nec
502 458 531 504 ut
540 449 617 513 lictis,
628 466 677 503 nec
687 448 742 504 ullo
753 448 875 504 modoad
885 467 928 504 ve-

132 528 235 581 ritatem
245 525 427 581 accedentibus
437 525 621 580 controversiis
632 522 752 597 linguam
761 524 840 579 modo
849 533 875 579 et
884 542 929 580 vo-

132 618 189 656 cem
200 608 362 668 exercerent3
383 600 430 655 sed
440 600 521 655 uthis
533 599 635 654 artibus
645 608 737 670 peetus
750 599 890 670 inplerent,
901 601 928 654 in

131 677 232 749 quibus
244 676 278 731 de
290 677 367 731 bonis
381 675 508 740 ecmelis,
519 674 552 729 de
566 675 674 729 bonesto
684 691 715 728 ac
724 675 806 745 turpi,
818 674 851 728 de
861 675 929 730 iusto

132 761 157 807 et
170 753 269 807 iniusto
281 751 440 822 disputatur.
479 751 548 804 Haec
561 750 633 804 enim
648 757 687 804 est
697 751 799 819 ‘oratori
813 749 929 804 subiecta

132 826 321 882 addicendum
336 828 452 881 matema.
491 826 558 879 Nam
573 826 601 879 in
610 823 717 878 iudiciis
731 823 785 878 lere
794 823 828 878 de
839 826 929 896 aequi-

131 911 192 965 tate,
208 903 236 955 in
246 900 478 956 deliberationibus
487 900 521 954 de
530 900 663 954 honestate
673 898 841 963 disserimus,
856 900 892 954 ita
902 909 929 954 ut
966 962 969 971 Ι

131 977 291 1049 plerumque
305 976 369 1030 baec
385 976 443 1047 ipsa
457 976 572 1030 invicem
587 975 761 1029 misceantur:
786 973 929 1046 dequibus

132 1051 236 1122 copiose
249 1058 274 1105 et
287 1051 360 1105 varie
374 1059 399 1104 et
412 1059 502 1105 ornate
519 1067 596 1105 nemo
612 1049 698 1104 dicere
712 1056 806 1120 potest,
819 1050 872 1104 nisi
882 1051 929 1121 qui

132 1127 250 1198 cognorit
265 1134 386 1180 naturam
401 1126 545 1180 humanam
559 1133 585 1179 et
599 1125 655 1180 vim
670 1125 800 1179 virtutum
815 1126 930 1196 pravite-

131 1210 239 1273 temque
252 1201 377 1256 vitiorum
395 1208 421 1255 et
433 1198 594 1255 intellectum
609 1216 711 1265 eorum,
726 1215 796 1271 quae
806 1201 928 1272 neqirein

131 1276 276 1333 virtutibus
289 1293 376 1348 neque
389 1277 417 1331 in
430 1275 503 1331 vitiis
518 1284 699 1330 numerantur.
738 1275 780 1329 Ex
794 1275 838 1329 bis
853 1274 929 1331 lonti-

132 1353 184 1407 bus
194 1353 272 1406 etiam
287 1351 333 1406 illa
343 1350 485 1423 profluunt,
500 1359 529 1405 ut
538 1349 642 1405 facilius
651 1351 718 1405 iram
728 1350 827 1404 iudicis
837 1351 879 1405 vel
889 1352 929 1406 in-

132 1429 210 1500 stiget
221 1426 261 1481 vel
273 1427 360 1490 leniat,
373 1430 420 1499 qui
431 1427 488 1491 scit,
498 1425 565 1498 quid
574 1426 626 1492 im3
647 1426 796 1497 promptius
807 1425 840 1480 ad
850 1429 929 1481 mise-

132 1503 259 1557 rationem
279 1501 396 1573 inpellat,
416 1502 464 1573 qui
484 1502 542 1565 scit,
562 1500 630 1572 quid
643 1503 678 1555 sit
694 1500 885 1566 misericordia,
905 1508 929 1556 et

132 1579 232 1650 quibus
243 1578 327 1632 animi-
335 1577 451 1631 motibus
461 1576 612 1631 concitetur.
652 1576 682 1630 ln
692 1575 734 1629 his
744 1576 846 1650 artibus
856 1594 929 1631 exon

131 1653 354 1724 citationibusque
364 1659 483 1707 versatus
493 1659 587 1714 orator,
599 1652 656 1705 sive
665 1649 737 1721 apud
746 1650 866 1716 infestos,
874 1653 929 1706 sive

132 1727 203 1798 apud
213 1728 332 1798 cupidos,
353 1729 411 1781 sive
420 1726 491 1798 apud
501 1726 659 1791 invidentes,
680 1727 738 1780 sive
750 1727 927 1799 apudtristee,

132 1803 190 1856 sive
199 1801 269 1872 apud
278 1803 399 1856 timentes
409 1801 551 1856 dicendum
562 1801 691 1866 habuerit,
706 1801 805 1856 tenebit
814 1803 928 1857 habenas

133 1877 297 1931 animorum:
317 1885 344 1930 et
356 1885 434 1948 prout
447 1877 578 1948 cuiusque
588 1885 681 1931 natura
691 1876 873 1947 postulaverit,
885 1878 929 1932 ad-

132 1952 234 2006 bibebit
251 1969 360 2005 manum
376 1959 401 2006 et
413 1952 569 2022 temperabit
583 1953 736 2017 orationem,
755 1953 929 2024 paratoomui

133 2028 307 2082 instrumento
315 2034 341 2080 ot
349 2026 382 2080 ad
391 2043 497 2081 omnem
509 2044 588 2080 usum
598 2027 719 2098 reposito.
760 2027 839 2093 Sunt,
859 2028 929 2100 apud

132 2120 200 2174 quos
214 2102 367 2156 adstrictum
382 2109 408 2155 et
420 2101 577 2166 conlectum,
593 2109 620 2156 et
633 2102 738 2174 singula
752 2105 840 2157 statim
851 2121 929 2178 argu·

133 2186 220 2232 menta
234 2177 402 2241 concludens,
423 2176 527 2231 dicendi
542 2193 627 2248 genus
641 2177 703 2248 plus
719 2177 778 2232 fidei
799 2188 926 2234 meretur:

132 2253 204 2324 apud
223 2252 271 2308 hos
290 2252 396 2306 dedisse
412 2269 519 2323 operam
533 2251 682 2307 dialecticae
691 2253 818 2323 proficiet.
858 2255 928 2309 Alios

133 2327 191 2383 lusa
211 2335 237 2382 et
254 2327 381 2399 aequalis,
403 2334 428 2381 et
447 2344 480 2382 ex
498 2328 686 2383 communibus
701 2328 779 2382 ducta
794 2331 926 2394 sensibus,

132 2403 214 2458 oratio
233 2403 455 2475 magisdeleotat:
476 2402 509 2457 ad
525 2403 572 2457 bos
590 2403 780 2474 permovendos
795 2405 928 2460 mutuabi-

133 2495 194 2532 mur
209 2495 224 2531 u
239 2478 416 2549 Peripateticis
431 2487 504 2549 aptos
517 2486 543 2532 et
560 2478 589 2532 in
603 2496 709 2533 omnem
724 2478 927 2551 disputationem

118 2561 231 2626 paratos
246 2554 301 2612 iam
321 2552 402 2613 locos.
441 2554 548 2610 Dabunt
562 2553 710 2608 boademici
722 2558 925 2626 pugnacitatem

109 2629 191 2687 Plato
199 2631 391 2705 altitudinem,
402 2632 562 2708 Xenophon
567 2629 779 2687 iucunditatem:
794 2630 939 2697 memnonia

98 2709 222 2778 auidam
241 2723 272 2772 et
286 2715 449 2776 Metrodori
461 2713 597 2772 honestas
609 2701 749 2779 quasdam
757 2696 960 2759 exclamabam
