1950 3016
62 168 71 245 t
158 177 238 225 un.
258 177 280 224 1.
301 177 391 225 cnr.
412 178 533 226 as-re.
715 176 751 231 ut

62 297 94 335 n.
135 279 204 335 Laco
215 278 372 351 praefectus,
389 286 525 351 tamquam
541 280 569 334 in
581 280 697 336 insulam
708 299 751 338 se·

62 372 107 420 ur,
129 353 163 409 ab
182 361 302 420 evocato,
322 370 403 426 quem
423 353 457 408 ad
476 353 583 409 caedem
602 356 661 410 eius
682 355 750 412 Otho

62 436 134 493 reret,
151 427 305 484 confossus:
326 429 355 484 in
369 429 529 484 Martianum
543 428 656 496 Icelum,
678 432 750 487 utin

62 521 116 569 rm,
129 503 219 575 palam
229 501 455 558 animadversum.

67 579 170 634 Exacto
184 595 232 649 per
245 578 342 633 scelera
357 577 409 642 die,
425 579 605 634 novissimum
619 579 750 635 malorum

62 655 118 708 itia.
149 654 231 710 Vocat
240 661 362 707 senatum
372 661 475 724 praetor
485 653 614 708 urbanus.
646 654 752 711 Certant

62 729 149 783 nibus
163 730 242 782 ceteri
256 728 436 800 magistratus.
476 727 630 783 Adcurrunt
646 738 748 800 patres:

62 821 102 858 :ur
112 801 210 858 Othoni
224 802 366 856 tribunicia
379 810 503 874 potestas,
515 811 540 858 et
549 821 647 859 nomen
656 804 751 878 Augu-

62 894 145 932 ‹mnes
155 877 309 949 principum
324 877 446 942 bonores,
458 877 638 934 adnitentibus
648 881 751 936 cunctis

78 952 249 1007 conviciare
270 952 376 1023 probra,
402 969 480 1024 quac,
501 954 653 1023 promiscue
671 955 748 1022 iacta,

63 1026 434 1082 ranimoeiusnemosensit.
474 1026 748 1093 Omisissetouensas,

63 1102 153 1167 disset,
170 1101 298 1156 brevitate
307 1102 413 1173 imperii
424 1102 451 1156 in
461 1104 561 1159 incerto
571 1101 630 1158 fuit.
670 1103 748 1171 Otho,

73 1176 162 1231 adhuc
173 1175 237 1241 foro,
248 1193 296 1248 per
305 1185 420 1250 stragem
433 1177 575 1232 iacentium
586 1179 614 1233 in
625 1177 751 1250 Capitoli-

64 1268 101 1306 ne
109 1250 173 1306 inde
182 1251 210 1305 in
221 1250 349 1322 palatium
360 1259 461 1318 vectus,
473 1253 580 1307 concedi
589 1270 697 1325 corpora
708 1270 751 1308 se-

63 1344 87 1392 s,
118 1327 285 1398 cremarique
315 1327 446 1398 permisit.
485 1328 609 1382 Pisonem
637 1329 750 1384 Verania

76 1401 156 1456 irater
169 1400 368 1466 Scribonianus,
384 1401 414 1455 T.
427 1401 536 1456 Vinium
549 1401 671 1473 Crispina
685 1402 748 1468 filia,

63 1493 133 1542 uere,
154 1476 283 1548 quaesitis
297 1475 495 1548 redemptisque
515 1476 660 1546 capitibus,
682 1493 751 1549 quae

63 1549 243 1606 interfectores
253 1559 431 1605 servaverant.

68 1627 131 1681 Piso
140 1643 225 1680 unum
237 1633 263 1680 et
272 1626 437 1680 tricesimum
448 1629 538 1680 aetatis
547 1642 649 1680 annum
659 1625 750 1698 exple·

63 1719 90 1756 ra
105 1699 223 1766 meliore,
238 1717 321 1772 quam
338 1699 449 1755 fortuna.
490 1701 594 1755 Fratres
610 1702 678 1765 cius,
694 1703 750 1755 Ma-

63 1776 185 1840 iaudius,
198 1775 323 1830 Crassum
335 1774 605 1830 Nerointeriecerant.
633 1777 693 1849 lpse
702 1777 749 1831 diu
833 1778 836 1783 ’

63 1851 203 1924 quatriduo
217 1850 322 1914 Caesar,
343 1860 479 1921 properata
495 1851 633 1922 adoptione
651 1852 684 1906 ad
700 1852 750 1907 hoc

63 1926 157 1982 maiori
169 1925 242 1979 fratri
252 1923 385 1996 praelatus
395 1934 443 1988 est,
456 1933 485 1978 ut
495 1927 567 1996 prior
576 1927 747 1982 occideretur.

67 2019 100 2055 us
114 2000 184 2055 LVII
198 2017 281 2055 annos
296 2000 378 2054 variis
392 2001 512 2054 moribus
522 2002 584 2074 egit.
624 2002 699 2055 Pater
708 2000 749 2055 ilii

63 2077 106 2130 rie
117 2074 227 2140 familia,
239 2082 376 2129 maternus
386 2093 453 2129 avus
463 2092 478 2128 e
488 2076 651 2146 proscriptis.
691 2074 750 2128 Pri-

64 2152 99 2205 tia
110 2149 228 2214 infamis,
240 2148 249 2203 l
283 2158 356 2204 atum
366 2148 514 2204 Calvisium
524 2149 653 2203 Sabinum
664 2148 750 2202 habu-

64 2227 118 2280 rius
133 2243 210 2289 uxor,
227 2242 269 2278 ma
281 2242 296 2278 a
309 2224 435 2296 cupidine
445 2224 549 2278 visendi
558 2226 640 2278 situm
652 2230 751 2277 castro-

64 2319 81 2354 er
96 2307 200 2355 noctem
216 2299 324 2353 militari
339 2298 430 2353 habitu
442 2299 571 2371 ingressa,
583 2315 645 2352 cum
657 2295 750 2369 vigilia

64 2394 71 2429 ι
86 2375 199 2430 militiae
214 2376 305 2428 munia
321 2373 412 2427 eadem
427 2373 533 2426 lascivia
547 2378 709 2440 temptasset,
720 2370 750 2426 in

63 2450 179 2520 incipiis
192 2455 316 2519 stuprum
331 2465 406 2511 ause,
428 2456 453 2500 et
465 2446 586 2500 criminis
596 2444 678 2499 huius
687 2462 749 2500 reus

64 2543 101 2589 rs,
117 2523 284 2597 arguebatur.
326 2523 411 2600 Igitur
424 2523 507 2580 iussu
519 2520 554 2578 Ω,
563 2519 769 2578 Caesarianus-

64 2599 143 2661 renis,
166 2616 240 2666 mox,
262 2603 418 2662 mutatione
431 2613 613 2679 temporum,
633 2598 795 2656 demissas„

64 2689 157 2728 norum
167 2675 319 2755 inoffenso,
332 2683 446 2767 legioni
456 2691 527 2763 post
537 2682 813 2761 praeturam&
