1950 3016
199 195 248 241 DE
267 195 479 245 GERMANIA.
501 198 579 245 GAP.
600 198 721 244 ⁴1-4a,
808 192 857 246 2θῖ

56 296 858 371 matrequenostraostendamus,hisdomosvillasquepate·

56 375 182 439 lecimus,
198 392 251 428 non
266 374 524 443 concupiscentibus.
564 375 594 428 ln
607 374 801 429 Hermunduris
811 374 858 429 Al·

55 452 101 508 bis
115 451 208 513 oritur,
230 447 331 503 llumcn
346 449 469 504 inclitum
482 447 697 517 etnotumolim;
718 467 791 503 nuno
801 459 857 504 tan·

56 524 243 595 tumauditur.

114 603 157 655 ta.
178 599 253 652 iuxta
267 598 469 654 Hermunduros
483 599 596 664 Naristi,
613 615 643 653 ao
653 595 748 652 deinde
758 598 854 653 Marco

56 675 152 732 manni
171 681 197 728 et
215 672 302 738 Quadi
321 680 413 745 agunt.
453 673 596 745 Praecipua
611 674 858 728 Marcomannorum

56 751 142 825 gloria
154 749 287 820 viresque,
296 756 377 820 atque
387 746 445 820 ipsa
456 750 535 803 etiam
545 748 726 819 sedes,pulsis
735 747 799 802 olim
809 749 858 802 Bc

56 828 103 890 iis,
125 825 223 879 virtute
242 832 324 894 parta.
365 824 419 876 Nec
431 824 534 877 Narisci
548 822 670 888 Quadive
687 823 855 895 degenerant.

56 901 153 971 anue
170 899 328 954 Germaniae
348 897 419 952 velut
440 896 511 953 frons
526 906 574 962 est,
594 904 727 968 quatenus
738 898 858 952 Danubio

58 976 229 1049 praetexitur.
269 974 463 1028 Marcomannis
477 971 631 1044 Quadisque
653 972 790 1044 usquead
812 991 858 1027 no-

56 1060 142 1106 stram
158 1049 313 1103 memoriam
328 1065 403 1120 reges
418 1056 572 1102 manserunt
587 1065 620 1102 ex
632 1057 711 1120 gente
725 1049 855 1119 ipsorum,

59 1123 150 1182 nobile
163 1123 318 1178 Marobodui
332 1131 357 1176 et
367 1123 449 1177 Tudri
459 1141 558 1195 genus:
580 1124 633 1177 iam
644 1132 669 1177 et
679 1131 800 1178 externos
811 1141 859 1194 pa-

59 1204 172 1256 tiuntur.
212 1197 263 1252 Sed
275 1199 315 1251 vis
324 1205 349 1251 et
359 1199 471 1268 potentia
482 1198 590 1270 regibus
601 1215 634 1252 ex
644 1199 795 1252 auctoritate
806 1199 858 1254 llo-

57 1293 148 1332 mana.
181 1274 249 1327 Raro
260 1275 341 1327 armis
352 1273 458 1335 nostris,
469 1274 576 1342 saepius
587 1272 708 1342 pecunia,
720 1274 856 1326 iuvantur.

115 1353 157 1405 la.
178 1350 233 1403 Nec
246 1349 336 1402 minus
349 1346 435 1400 valent
444 1355 512 1400 retro
521 1346 660 1417 Marsigni,
672 1345 856 1409 Gothini,0si,

56 1425 145 1481 Burii.
183 1425 267 1496 Terga
286 1424 534 1477 Marcomannorum
554 1419 762 1490 Quadorumque
785 1420 858 1473 clau-

57 1502 136 1556 dunt.
175 1499 313 1569 liquibus
327 1496 456 1568 Marsigni
471 1504 496 1549 et
511 1495 584 1550 Burii
599 1511 721 1549 sermone
730 1493 858 1564 cultuque

58 1575 162 1631 Suevos
181 1572 311 1627 referunt:
342 1571 472 1627 Gotlrinos
491 1570 602 1634 Gallica,
624 1568 690 1624 Osos
710 1569 857 1622 Pannonica

58 1651 152 1722 lingua
171 1649 298 1720 coarguit,
321 1665 373 1701 non
393 1663 452 1699 esse
466 1645 623 1709 Germanos,
639 1653 664 1698 et
678 1644 750 1715 quod
761 1645 858 1698 tributa

57 1726 206 1798 patiuntur.
237 1725 339 1777 Partem
352 1722 510 1776 tributorum
520 1721 663 1784 Sarmatae,
676 1729 775 1791 partem
787 1718 859 1786 Qua-

58 1801 98 1865 di,
111 1806 140 1854 ut
150 1798 316 1871 alienigenis,
333 1799 473 1867 inponunt.
513 1797 633 1859 Gothiui,
647 1813 701 1867 quo
710 1797 795 1870 magis
806 1813 858 1868 pu-

58 1876 129 1938 deat,
145 1880 170 1928 et
183 1872 282 1927 ferrum
293 1872 429 1927 ellodiunt.
468 1871 623 1944 Omnesque
632 1871 660 1926 hi
671 1873 762 1943 populi
773 1889 858 1944 panca

58 1949 261 2020 campestrium,
276 1956 394 2001 ceterum
409 1949 492 2003 saltus
505 1955 530 2002 et
540 1949 651 2002 vertices
661 1949 792 2002 montium
805 1947 858 2020 [iu-

58 2019 190 2100 gumque]
202 2023 366 2077 insederunt.
405 2023 511 2078 Dirimit
520 2024 592 2077 enim
603 2023 753 2091 scinditque
763 2021 859 2074 Suevi·

58 2118 104 2156 am
123 2099 281 2154 continuum
301 2097 432 2151 montium
446 2100 551 2169 iugum,
567 2095 716 2167 ultraquod
726 2094 857 2164 plurimae

59 2184 153 2250 gentes
171 2180 264 2247 agunt.
302 2173 344 2226 Ex
361 2173 461 2243 quibus
482 2173 610 2226 latissime
627 2178 697 2240 patet
712 2170 857 2240 Lygiorum

59 2267 168 2313 nornen,
189 2250 218 2302 in
237 2246 328 2319 plures
345 2247 464 2300 civitates
478 2246 617 2301 diffusum.
656 2243 857 2298 valentissimas

60 2324 214 2381 nominasse
223 2322 347 2387 sufficiet,
361 2321 448 2385 Arios,
460 2321 630 2381 llelveoonas,
641 2318 781 2379 Manimos,
792 2315 858 2388 Ely-

58 2402 124 2463 sios,
141 2397 312 2453 Naharvalos.
353 2396 433 2466 Apud
445 2394 608 2450 Naharvalos
618 2394 741 2463 antiquae
752 2391 858 2463 religio-

59 2476 104 2530 nis
118 2472 197 2529 lucus
210 2472 367 2527 ostenditur.
406 2471 540 2525 Praesidet
549 2469 670 2523 sacerdos
680 2465 805 2521 muliebri
815 2485 858 2520 or·

59 2557 139 2605 natu:
162 2548 210 2604 sod
217 2549 292 2612 deos,
303 2547 515 2619 interpretatione
525 2539 865 2607 RomanassastoremPeR-

56 2625 200 2692 lucemque
212 2630 370 2678 memorant.
410 2623 452 2679 Ea
466 2622 512 2678 vis
527 2620 657 2678 numini:
675 2634 783 2675 nomen
798 2613 890 2666 mms-

41 2695 127 2749 Nulla
137 2696 296 2764 simulacra,
312 2699 431 2758 nullum
444 2701 617 2781 peregrinae
627 2688 914 2772 superstruemus·
