1950 3016
146 192 236 268 cri.)
312 201 704 253 nra.1v.ca1’.as.aa.
862 198 908 253 tit

134 303 180 360 arii
201 301 302 358 tinibus
321 304 373 358 aab
392 304 420 360 d.
436 303 558 378 augurato
573 303 732 376 Tiberioque
744 305 913 377 principibus

129 377 266 434 roeonsuli
276 379 413 451 parebant.
453 380 514 434 Mox
523 379 553 434 C.
566 378 671 444 Caesar,
684 380 807 434 turbidus
816 382 911 445 animi,

125 454 189 509 oli.
201 451 333 518 Silanum,
344 455 506 509 obtinentem
517 453 644 518 Africam,
656 463 787 519 metuens,
799 455 912 510 ablatam

120 527 266 584 »recensuri
276 527 406 601 legionem
429 531 513 584 misso
525 531 552 583 in
564 547 623 583 eam
634 545 691 583 rern
702 528 787 601 legate
796 529 911 583 tradidit.

114 604 252 675 aequatus
265 603 333 658 inter
347 604 415 659 duos
430 605 620 659 beneficiorum
633 621 764 678 numerus
774 611 809 667 et,
822 604 914 659 mixtis

111 678 257 749 utriusque
271 679 412 744 mandatis,
428 679 558 734 diseordia
572 680 702 750 quaesita,
714 686 845 750 suamque
854 695 915 749 pra-

109 754 311 809 voeertamine.
329 755 487 827 Legatorum
498 755 540 809 vis
550 753 664 809 adolevit
673 754 848 808 diuturnitate
855 753 915 808 olli·

109 829 158 893 oii,
179 826 223 882 rel
238 830 302 899 quia
320 830 470 883 minoribus
485 830 568 883 maior
582 827 735 883 aemulandi
754 845 832 895 cura;
853 845 915 899 pro-

111 901 256 959 consulum
275 902 511 973 splendidissimus
531 905 649 976 quisque
667 903 803 958 securitati
816 905 912 977 magis,

111 996 195 1051 quam
207 980 338 1048 potentiae
347 979 528 1033 consulebant.

169 1056 212 1107 ts.
233 1051 285 1107 Sed
301 1063 356 1107 tum
374 1053 504 1127 legionem
523 1055 551 1108 in
566 1051 654 1107 Alriea
671 1053 779 1126 regebat
791 1051 913 1108 Valerius

111 1128 220 1192 Festus,
231 1138 403 1199 sumptuosae
413 1130 611 1193 adolescentiae,
624 1145 711 1199 neque
724 1128 826 1183 modica
836 1130 914 1200 cupi-

112 1219 171 1267 ens,
193 1211 219 1257 et
233 1203 366 1258 adfinitate
376 1204 474 1259 Vitellii
490 1208 597 1258 anxius.
637 1205 663 1257 ls
672 1203 773 1257 crebris
783 1205 914 1258 sermoni-

111 1277 166 1334 bus
179 1279 352 1333 tentaveritne
367 1280 487 1333 Pisonem
503 1278 537 1333 ad
551 1295 594 1332 res
607 1294 698 1343 novas,
708 1296 743 1333 an
754 1279 861 1332 tentanti
873 1294 915 1331 re-

112 1354 218 1416 stiterit,
224 1355 369 1422 incertum;
380 1355 508 1426 quoniam
518 1361 616 1408 secreto
626 1370 717 1408 eorum
730 1370 808 1407 nemo
818 1351 912 1414 adfuit,

113 1436 148 1493 et,
158 1429 248 1484 occiso
262 1429 366 1492 Pisone,
381 1429 504 1500 plerique
518 1428 551 1482 ad
562 1430 674 1501 gratiam
684 1427 859 1483 interfectoris
872 1428 915 1480 in-

112 1503 256 1560 clinavere.
297 1505 351 1557 Nee
360 1504 514 1577 ambigitur,
531 1503 695 1573 provinciam
705 1511 731 1557 et
741 1503 854 1557 militem
865 1501 915 1556 ali-

112 1589 191 1634 enato
209 1596 271 1651 erga
282 1580 476 1649 Vespasianum
495 1579 586 1632 animo
605 1576 702 1632 luisse:
724 1586 749 1631 et
768 1578 879 1650 quidam
900 1594 914 1631 e

111 1653 273 1717 Vitellianis,
295 1654 361 1708 urbe
374 1654 489 1726 profugi,
509 1653 675 1708 ostentabant
684 1654 774 1707 Pisoni
794 1662 914 1706 nutrrntee

115 1729 228 1790 Grillius,
236 1738 360 1796 peruium
373 1729 548 1789 Gerrnuuium,
556 1731 676 1796 pericrtlu
686 1732 769 1794 ipsius
778 1737 802 1782 et
813 1732 841 1781 in
849 1744 914 1795 pure

111 1812 233 1870 minucie
252 1808 334 1856 tutius
353 1806 452 1856 betium.
484 1803 561 1856 luter
576 1819 645 1872 quae
661 1800 789 1856 Claudius
802 1801 911 1875 Sagitta,

112 1876 262 1950 praelectus
277 1877 334 1931 alae
344 1878 472 1940 Petrinae,
488 1894 613 1948 prospera
626 1878 793 1950 navigatione
803 1894 913 1948 praeve-

114 1954 155 2006 nit
168 1952 303 2022 Papirium
314 1954 495 2009 centurionem
505 1970 520 2005 a
531 1953 653 2007 Muciano
663 1954 788 2013 missum,
802 1952 913 2005 adseve-

112 2027 238 2098 ravitque
250 2032 374 2081 amedera
389 2031 560 2095 interficiendi
575 2029 674 2081 Puoute
687 2031 831 2080 centurioni
840 2031 912 2079 dota.

115 2100 244 2156 Cemdreee
262 2103 440 2164 Galerianum,
463 2105 641 2155 consentianum
661 2106 717 2154 eiue
734 2116 912 2168 penarumque.

115 2178 201 2231 Unum
210 2181 238 2230 iu
250 2181 365 2231 eudocia
373 2194 443 2244 apem
453 2179 552 2230 solutio.
588 2176 640 2231 Sed
649 2180 701 2229 due
709 2180 805 2227 itinere
813 2177 913 2227 nudae-

112 2256 156 2319 di,·
173 2270 220 2307 eeu
233 2255 322 2307 mutiet
334 2258 422 2306 etutim
436 2268 519 2312 ernau,
539 2267 584 2304 eeu
596 2255 679 2318 petite
690 2251 799 2303 meiius
814 2248 913 2310 Gellio,

112 2332 204 2383 duoem
213 2344 241 2381 ae
255 2328 400 2383 Vitellianis
409 2328 567 2379 exercitibus
578 2328 727 2378 ostenderet.
757 2321 829 2376 Nihil
841 2320 914 2376 adea

112 2412 185 2458 moto
200 2403 304 2466 Pisone,
326 2402 473 2455 centurion
487 2400 612 2453 ldueiano
624 2400 736 2461 missus,
759 2405 787 2451 ut
807 2404 914 2468 portum

112 2478 283 2551 Carthaginis
302 2475 404 2548 adtigit,
426 2491 522 2547 magna
543 2490 605 2528 voce
625 2472 690 2526 laeta
705 2473 793 2527 Pisoni
812 2475 912 2538 omnia,

111 2561 252 2624 tamquam
265 2551 391 2622 principi,
413 2551 584 2618 continuare,
604 2548 741 2603 obiisset
755 2548 867 2603 eunius
879 2548 925 2600 rei

102 2625 238 2679 miraculo
254 2627 401 2690 munitos,
425 2636 456 2683 ut
475 2626 576 2683 eadem
597 2625 808 2700 adstreperent,
819 2618 922 2678 noxias*

98 2695 203 2763 Vulgus
209 2698 356 2757 credulum
366 2718 454 2762 ruere
463 2705 498 2764 iri
511 2704 623 2767 lorum·
647 2697 917 2783 praesentaneis
