1950 3016
74 220 107 293 aa
296 220 644 273 ›nrsronrnnnn
737 215 872 289 (numm.

74 345 125 390 uin,
136 330 161 382 ai
171 342 308 382 consensus
321 336 409 383 wntoc
419 328 600 390 multitudinis,
612 334 644 390 ct,
656 341 723 395 quac
729 327 874 393 plurimum

74 404 150 465 must,
168 407 257 470 primo
275 407 420 472 indipnctio
439 405 610 470 ctonpucacot.
648 401 759 456 Ρνοίνιάσ
776 403 872 464 intuto,

74 493 140 546 pnoc
154 480 290 532 indecoro:
309 481 357 535 acl.
373 483 398 531 ci
412 481 503 531 cadere
515 480 671 539 accessesit,
685 478 873 529 oecumenium

74 555 227 607 discrimini.
267 553 298 607 ld
317 553 411 608 Otboni
429 554 591 612 inuidiosius,
613 554 715 619 clipeis
733 552 872 604 boncctum.

75 626 274 700 depugnantem
289 626 353 681 bnic
367 627 510 680 sententiae
524 625 636 679 Vinium
650 625 719 679 Laco
735 624 874 679 minaciter

74 701 183 767 invasit,
193 700 346 756 stimulante
357 700 432 764 leelo,
446 700 544 771 privati
553 699 608 754 odii
617 697 773 772 pertinacia,
783 699 813 753 in
822 714 875 771 pu-

74 776 176 831 blicum
187 778 308 830 exitium.

130 853 172 906 Sl.
194 851 247 904 Nec
261 848 363 903 diutius
376 847 460 903 Galba
475 853 623 912 cunctatus,
639 847 798 919 speciosiore
810 862 874 902 sua-

75 925 199 980 dentibus
214 924 332 978 necessit.
371 924 539 978 Praemissus
556 929 644 977 tamen
659 924 687 976 in
701 931 785 977 castra
801 921 872 986 Piso,

76 1009 105 1054 ut
120 1000 225 1053 iuvenis
240 1016 337 1072 magno
353 999 470 1064 nomine,
489 998 587 1053 recenti
597 995 695 1063 lavore,
716 996 873 1052 etinianstts

64 1075 106 1128 ·Τ.
118 1074 205 1138 Vinio,
221 1090 270 1127 seu
284 1074 348 1146 quia
362 1082 426 1139 erat,
441 1091 489 1128 seu
500 1074 564 1145 quia
574 1073 633 1126 irati
645 1073 680 1126 ita
690 1070 826 1138 volebant3
848 1079 874 1125 et

76 1147 180 1203 facilius
193 1147 226 1202 do
235 1147 295 1203 odio
304 1149 429 1203 creditur.
469 1149 587 1204 Vixdum
598 1163 704 1220 egresso
715 1144 818 1208 Pisone,
828 1160 874 1201 oo·

75 1225 162 1278 clsum
181 1224 315 1277 incastris
329 1222 470 1287 Othonem,
492 1238 577 1295 vagus
591 1222 710 1292 primum
721 1229 747 1274 et
756 1222 873 1275 incertus

74 1314 180 1354 rumor:
205 1314 278 1364 mox,
295 1305 324 1353 ut
337 1300 364 1352 in
383 1298 488 1370 magnis
506 1294 661 1360 mendaciis,
676 1294 830 1350 interfuisse
844 1310 874 1348 se

75 1373 184 1503 puidam
197 1380 222 1427 et
232 1373 332 1428 vidisse
342 1370 638 1436 adfirmabant,credula
650 1369 717 1424 lama
728 1371 797 1424 inter
806 1386 874 1442 gau-

93 1456 166 1503 antes
176 1449 369 1504 etineuriosos.
393 1445 872 1516 Multiarbitrabantur,oompositu1n

75 1534 238 1596 auctumque
251 1540 395 1587 rumorem,
415 1522 509 1577 mixtis
523 1523 576 1576 iam
590 1519 757 1584 Othonianis,
778 1519 826 1591 qui
840 1517 873 1572 ad

75 1599 239 1654 evocandum
250 1597 362 1652 Galbam
374 1597 438 1650 laeta
449 1595 515 1650 falso
525 1595 701 1668 vulgaverint.

130 1676 171 1727 35.
193 1671 261 1725 Tum
269 1689 331 1726 vero
341 1688 392 1725 non
402 1671 520 1741 populus
530 1678 631 1723 mutum
641 1669 785 1740 etinperita
796 1666 872 1738 plebs

75 1749 103 1801 in
115 1746 226 1818 plausus
237 1753 261 1799 et
270 1742 402 1800 inmodica
414 1745 510 1808 studia,
522 1743 569 1798 sed
579 1744 701 1815 equitum
711 1742 833 1815 plerique
843 1752 873 1795 aa

76 1831 236 1885 senatorum,
243 1821 328 1890 posito
338 1827 410 1874 metu
421 1820 530 1884 incauti,
538 1817 751 1888 refractispalatii
759 1816 870 1881 loribus,

76 1912 152 1951 ruere
162 1896 244 1958 intus,
256 1908 287 1948 ac
298 1910 327 1948 sa
336 1894 436 1949 Galbae
445 1902 583 1958 ostantare,
595 1899 758 1965 praereptam
769 1891 820 1945 sibi
831 1889 874 1945 ul-

76 1973 172 2026 tionem
183 1976 339 2041 querentes:
361 1970 553 2042 ignavissimus
563 1969 680 2039 quisquc
690 1973 724 2030 et,
736 1974 765 2020 ut
775 1980 817 2020 res
827 1965 874 2020 do-

75 2047 139 2108 cuit,
161 2045 188 2098 in
209 2042 327 2115 periculo
342 2060 392 2098 non
407 2058 533 2107 ausurus,
555 2042 632 2097 nimii
643 2041 743 2104 verbis,
765 2039 873 2113 linguae

76 2119 188 2175 feroces:
211 2135 288 2173 nemo
297 2119 374 2183 scire,
386 2125 411 2173 et
419 2134 512 2173 omncs
522 2117 674 2171 adfirmare:
689 2116 773 2169 donec
783 2116 871 2185 inopia

76 2196 142 2258 veri,
163 2202 189 2249 et
198 2206 329 2248 consensu
349 2195 494 2247 errantium
513 2193 610 2256 victus,
632 2197 740 2260 sumpto
757 2188 872 2252 thorace,

76 2269 169 2335 Galba,
191 2268 307 2323 inruenti
321 2265 423 2333 turbae,
445 2282 532 2339 nequa
546 2274 637 2329 aetate,
659 2281 747 2337 nequa
765 2280 873 2336 corpore

75 2345 182 2408 sistens,
194 2342 258 2397 sella
270 2340 409 2396 levaretur.
448 2340 552 2396 Obvius
565 2342 594 2395 in
604 2339 700 2410 palatio
710 2339 795 2394 lulius
805 2340 874 2394 Atti-

75 2436 123 2473 cus
133 2416 291 2488 speculator,
312 2425 451 2470 cruentum
465 2415 585 2489 gladium
595 2421 739 2479 ostentans,
760 2419 872 2469 occisum

76 2510 128 2547 osc
139 2492 269 2555 ottomm,
281 2489 451 2545 exclamavit:
473 2496 499 2543 et
508 2488 601 2555 Galba,
615 2493 761 2553 commilito,
772 2490 871 2560 inquit,

71 2565 239 2637 ¹qnistussit?
257 2564 310 2620 insi
349 2565 457 2619 lanima
466 2562 500 2618 ad
509 2563 678 2618 coercendam
688 2564 830 2619 militarem
840 2563 873 2618 li-

76 2641 198 2704 centiam,
214 2641 316 2697 minant
327 2640 379 2696 bus
391 2638 552 2710 intrepidus,
568 2638 697 2695 adversus
706 2638 872 2694 blandientes

75 2715 252 2788 incorruptus
