1950 3016
262 194 466 244 annosus.
488 197 565 245 cal’.
585 196 628 244 89.
647 198 688 244 4⁰.
821 192 871 245 ³3⁹

71 295 143 354 biles
165 312 248 366 equos
267 312 363 350 cursus
382 303 409 350 et
425 298 510 368 spatia
528 298 650 368 probent,
665 299 706 352 eie
719 302 759 353 est
772 297 871 369 aliquas

71 378 208 429 oratorum
218 387 342 440 campus;
364 388 503 444 perquem
513 373 567 427 nisi
580 373 657 427 liberi
666 379 692 427 et
699 372 778 427 soluti
785 372 871 427 leran-

74 454 129 509 tur,
139 443 471 518 debilitatureolrangitur
480 447 639 518 eloquentia.
659 447 872 518 ipsamquinim·

72 538 120 576 mo
132 537 225 575 curam
239 526 265 575 et
279 518 414 592 diligentis
424 521 479 576 stili
491 523 649 577 anxietatem
659 523 816 576 contrariam
826 538 872 576 ex-

72 595 208 669 perimur:
229 595 870 670 quiasecpeinterrogatiudex,quondcr'oer'pioe,

72 678 101 725 ct
113 687 149 725 er
161 669 363 741 interrogatione
376 671 435 725 eius
451 672 635 742 incipiendum
649 678 698 725 est.
736 670 873 741 Ilmquen·

73 752 115 800 ter
124 744 323 815 probationibus
334 752 359 799 et
369 746 480 801 testibus
490 746 627 801 silentium
637 744 870 817 patronusindicit.

73 819 152 875 Unus
166 819 235 874 inter
248 819 314 874 haee
327 819 426 876 dicenti
439 829 486 875 eut
498 821 563 876 alter
577 821 690 884 adsistit,
705 828 733 874 et
744 834 792 874 res
799 818 873 875 velut

75 895 106 950 in
120 892 263 949 solitudine
279 894 375 967 egitur.
415 893 518 951 Oratori
531 903 619 950 autem
633 894 749 951 clamore
760 894 873 966 plausu·

75 985 131 1042 que
143 985 212 1039 opus
222 976 267 1022 est
277 977 302 1023 et
312 968 509 1040 velutquodam
519 970 634 1026 theatro:
655 969 872 1042 qualiaquotidie

74 1044 196 1114 endqms
204 1043 621 1118 oratoribuscontingebaut,cnm
631 1047 871 1116 totpariteraotem

75 1117 180 1175 nobiles
199 1115 286 1173 iorum
302 1128 470 1185 coarctarent,
490 1138 552 1175 cum
569 1119 704 1175 clientelae
717 1136 827 1192 quoque
841 1137 872 1175 ao

74 1193 164 1249 tribus
173 1200 198 1246 et
210 1193 418 1264 municipiorum
429 1194 571 1268 legationes
580 1211 611 1249 ac
626 1212 688 1265 pars
700 1195 789 1251 ltaliae
800 1195 873 1267 peri-

75 1267 232 1323 olitautibus
241 1267 393 1324 adsisteret:
414 1286 477 1323 cum
487 1270 516 1323 in
525 1269 660 1341 plerisque
670 1269 873 1323 iudiciiscrede·

75 1350 116 1399 ret
129 1341 245 1413 populus
259 1343 396 1397 Romanus
409 1360 458 1397 sua
471 1345 611 1407 interesse,
623 1342 690 1413 quid
702 1342 871 1398 iudicaretur.

76 1416 148 1473 Satis
159 1424 269 1481 constat,
286 1416 316 1472 C.
330 1416 483 1472 Cornelium
494 1426 519 1472 et
528 1418 565 1473 M.
579 1416 708 1471 Scaurum
719 1425 745 1471 et
753 1417 785 1472 T.
797 1417 873 1472 Milo-

74 1509 140 1549 nem
157 1499 184 1546 et
194 1492 225 1547 L.
236 1492 350 1557 Bestiam
364 1500 390 1546 et
401 1492 431 1546 P.
437 1493 707 1547 Vatiniumconcursu
716 1491 873 1547 totiuseivi-

76 1568 137 1622 tatis
147 1566 320 1621 etadousetos
329 1575 355 1621 et
367 1567 503 1623 defensos:
523 1575 553 1622 ut
565 1566 753 1640 frigidissimos
765 1582 874 1638 quoque

75 1649 190 1698 oratores
201 1642 258 1711 ipsa
268 1643 391 1696 certantis
400 1642 493 1713 populi
504 1641 591 1697 studia
602 1640 874 1696 excitareetinoende-

75 1734 107 1771 rc
114 1716 257 1788 potuerint.

134 1794 176 1846 ro.
197 1791 287 1861 ltaque
305 1790 417 1845 Hercule
430 1789 561 1846 eiusmodi
573 1790 763 1856 libri-exstant,
778 1797 808 1846 ut
820 1791 873 1862 ipsi

75 1882 195 1940 quoque,
211 1866 259 1937 qui
272 1873 393 1938 egerunt,
405 1883 457 1921 non
468 1865 527 1920 aliis
541 1865 628 1938 magis
636 1865 799 1920 orationibus
811 1883 873 1920 oen·

76 1949 194 1997 scantur.
233 1940 288 1994 Iam
307 1957 370 1994 vero
389 1942 527 1995 conciones
546 1939 673 1997 adsiduae
689 1947 714 1993 et
727 1940 873 1995 delumine

75 2015 291 2088 potentissimum
306 2031 442 2086 quemque
457 2015 570 2070 vexandi
580 2016 727 2086 atqueipse
737 2015 874 2068 inimiciti-

76 2109 154 2146 arum
163 2089 257 2162 gloria,
269 2106 331 2144 cum
341 2107 371 2143 se
379 2090 490 2160 plurimi
500 2090 658 2145 disertorum
663 2106 697 2144 ne
706 2090 755 2142 aP.
763 2087 872 2160 quidem

76 2165 202 2236 Scipione
214 2171 260 2218 aut
272 2163 347 2219 Sulla
361 2172 407 2219 eut
421 2164 471 2220 Cn.
486 2165 611 2236 Pompeio
623 2165 795 2229 abstinerent,
806 2172 832 2219 et
841 2164 874 2219 ad

75 2239 247 2297 incessendos
270 2240 405 2310 principes
423 2241 505 2304 viros,
528 2247 559 2295 ut
577 2248 617 2295 est
635 2247 728 2295 natura
745 2239 872 2302 invidiae,

76 2314 171 2388 populi
212 2330 321 2386 quoque
358 2315 548 2370 adrecticribus
584 2315 695 2370 auribus
726 2323 871 2379 uterentur,

77 2397 209 2461 qnantum
241 2387 360 2444 ardorem
388 2390 518 2462 ingeniis,
542 2406 611 2461 quas
633 2389 780 2445 oratoribus
804 2387 874 2443 laces

77 2462 269 2518 admovebant!
280 2459 297 2494 *
305 2461 322 2494 *
331 2462 348 2495 *

125 2576 175 2626 (Hic
192 2566 271 2628 qnoque
284 2574 376 2615 laeuum
388 2591 431 2616 eree
443 2577 578 2628 intelligitur,
590 2588 614 2614 ec
626 2578 697 2616 deesse
708 2576 772 2612 auem
783 2573 888 2610 onosma

72 2641 175 2680 Merulae
183 2646 203 2678 et
208 2640 293 2678 initiarer
300 2640 412 2694 Materni.)

640 2714 717 2829 re
