1950 3016
61 204 123 245 na.
136 187 186 263 ro.)
269 197 347 247 nra.
366 198 413 248 tv.
434 199 523 247 can.
542 200 662 249 ao-aa.
811 197 859 250 tte

60 302 132 354 otono
145 303 302 353 tuoenoroe.
342 298 514 355 Cunctantem
527 298 644 375 legatum
653 300 752 357 milites
760 319 861 373 perpu-

62 372 155 438 lerant,
168 371 300 429 fortunam
310 373 403 444 proelii
414 376 588 446 experiretur.
613 378 673 431 Tria
684 377 768 433 millia
778 378 862 451 legio-

60 450 197 505 nariorum
217 458 243 503 et
261 448 451 504 tumultuariae
468 449 611 523 Belgarum
630 451 757 517 oolrortes,
777 452 859 507 siniul

60 540 234 596 paganorum,
242 522 413 595 lixarumque
427 525 534 598 ignava,
550 525 598 579 aed
610 543 709 596 prooox
721 534 781 581 anto
790 529 861 597 peri-

59 599 164 662 mlum,
181 615 288 663 manus,
302 599 430 654 omnibus
443 601 526 671 portis
540 609 696 671 erumpunt,
712 610 742 655 ut
751 601 861 655 &tovos

59 690 175 729 numero
183 674 290 745 inpares
300 673 524 729 circumfundant.
563 675 616 740 llli,
628 684 729 731 veteres
740 675 859 739 militiae,

58 748 87 803 io
97 764 200 803 euneos
214 757 418 821 congregantur,
434 749 511 804 densi
521 750 642 821 undique
651 759 678 805 et
687 749 798 805 frontem
810 758 860 803 ter·

113 822 337 879 uenolatuotuti.
377 822 422 879 Sio
431 832 538 879 tenuem
546 834 698 881 nostrorum
707 826 791 880 aciem
801 842 862 895 per·

58 840 192 971 illigant.
231 897 393 953 Cedeutibus
402 898 501 972 Belgis,
512 899 620 971 pellitur
632 899 711 973 legio,
722 908 749 955 et
758 899 860 955 vallum

57 984 204 1045 portasque
212 973 307 1043 trepidi
318 973 449 1043 petebant.
480 974 520 1029 lbi
530 973 678 1045 plurimum
688 974 782 1031 eladis.
806 974 860 1030 Cu·

58 1048 177 1103 molatae
185 1048 341 1118 eorporibus
351 1047 451 1103 fossae:
473 1066 522 1103 neo
529 1050 719 1105 caedetautum
730 1049 860 1106 etvulne-

58 1122 294 1188 rihus,aedruina
304 1131 329 1176 et
338 1125 396 1178 suis
405 1122 528 1196 plerique
537 1124 597 1179 telis
607 1126 738 1179 interiere.
770 1126 860 1181 Victo-

58 1215 111 1263 res,
127 1196 230 1253 oolouia
245 1197 485 1270 Agrippinensium
499 1200 590 1264 vitam,
604 1199 672 1253 nihil
682 1208 767 1254 oetero
776 1202 805 1254 in
815 1201 861 1255 iti·

58 1289 123 1327 nere
131 1270 229 1327 hostile
237 1272 452 1337 ausi,Boonenso
460 1272 590 1343 proelium
600 1274 775 1331 excusabant:
791 1284 860 1328 tarn-

57 1364 141 1419 quam
162 1347 242 1418 petita
260 1364 339 1419 paee,
359 1356 501 1420 postquam
521 1348 676 1421 negabatur,
698 1348 859 1418 sibimetipsi

57 1421 266 1479 oonsuluisseut.

112 1500 157 1555 il.
179 1496 284 1561 Civilis,
300 1496 415 1552 adventu
426 1504 610 1551 veteranarum
626 1494 784 1558 cohortium,
795 1495 860 1551 iusti

56 1573 112 1629 iam
123 1573 257 1627 exereitus
265 1572 369 1636 duetor,
379 1571 427 1627 aed
434 1570 539 1627 oonsilii
549 1572 694 1644 ambiguus
706 1578 732 1624 et
742 1571 798 1625 vim
809 1572 861 1626 llo-

57 1664 167 1705 mtnam
177 1653 313 1717 reputans,
320 1648 494 1718 ounotoo,qui
504 1646 621 1711 aderant,
629 1647 658 1702 io
669 1646 749 1701 verba
759 1646 860 1717 Vespa-

56 1723 128 1777 siani
141 1722 240 1795 adigit:
260 1723 395 1793 mittitque
408 1720 507 1794 legatos
519 1722 553 1775 ad
561 1721 629 1777 duaa
640 1721 766 1794 legiones,
777 1738 857 1793 quae,

55 1800 147 1869 priore
164 1798 221 1853 noio
239 1796 348 1867 pulsae,
368 1798 397 1851 in
410 1796 504 1851 Vetera
516 1805 602 1851 eastra
615 1807 807 1863 oonoeeseroot,
829 1806 859 1852 ot

55 1878 125 1927 idem
137 1881 331 1927 meromontem
343 1876 500 1939 arriperent.
539 1872 668 1928 Redditur
685 1890 856 1944 responsum,

55 1951 291 2017 neqoeproditorie
298 1963 380 2015 neque
389 1950 716 2003 lotttumeaaomiliieuti.
736 1949 859 2003 Emerui

59 2022 192 2077 Vitellium
199 2027 352 2089 prinoipem,
361 2039 472 2090 proquo
480 2025 555 2092 fidem
565 2034 674 2079 eramo
684 2040 764 2089 oeque
772 2027 859 2075 odem

53 2101 464 2165 prmumeptritomretentoroo.
501 2098 612 2153 Proinde
619 2103 731 2166 persepe
741 2097 858 2149 Botooue

54 2175 187 2227 arbitrum
199 2187 288 2225 rerum
296 2172 472 2225 Rornanorum
480 2188 512 2225 ne
521 2181 618 2240 opem,
631 2175 676 2225 aed
685 2174 792 2223 mertem
801 2186 858 2223 ere-

55 2248 119 2301 lm'a
126 2262 226 2314 poenae
234 2254 404 2312 exspectaret.
433 2244 507 2311 Quae
515 2247 563 2301 ubi
573 2245 653 2301 relata
664 2242 754 2305 Civili,
766 2244 858 2297 incen-

54 2338 103 2387 sus
118 2322 169 2385 ire,
190 2321 344 2375 universam
359 2320 517 2375 Batavorum
530 2330 636 2393 gentem
650 2319 679 2373 in
693 2335 767 2371 mma
777 2319 855 2387 rapit.

56 2396 209 2469 lunguntur
221 2395 339 2449 Bructeri
354 2395 529 2466 Tencterique
542 2404 568 2451 et
580 2394 666 2449 exeita
677 2393 780 2447 nuntiis
790 2392 857 2449 Ger-

54 2472 145 2535 mania
155 2470 189 2525 rd
199 2468 322 2541 praedam
334 2467 495 2540 famamque.

106 2548 154 2609 22.
174 2544 312 2600 Adversus
330 2543 381 2599 has
398 2542 582 2599 oonourrentie
598 2538 799 2597 belliuimesl
843 2541 875 2591 ix

46 2618 198 2686 ΨΜ,
217 2618 371 2673 Mummius
391 2620 540 2692 Lupercus
562 2628 590 2677 et
603 2618 765 2675 Numisius
776 2616 833 2669 uu
841 2627 898 2669 ua,

36 2687 138 2741 vallum
151 2704 306 2763 minusque
319 2695 491 2756 firmabant.
531 2698 692 2759 Suliuersa
702 2680 918 2769 longow&
