1950 3016
141 185 178 236 ss
378 185 702 234 maronunurr
800 173 935 250 (am

140 290 207 344 telae
220 296 245 342 et
257 288 316 362 agri
329 296 449 344 veterum
459 289 616 346 Crassorum
629 305 660 342 ao
669 285 788 343 nominis
796 282 935 340 hamme

140 364 227 419 nebat.
261 364 344 437 lgitur
353 364 494 421 deterrimo
506 381 615 437 quoque
623 365 653 418 in
662 368 852 436 argumentum
861 357 935 415 labu-

140 438 180 493 lae
198 440 348 510 adsumpto,
369 440 469 513 vulgus
488 439 628 495 credulum
641 437 792 510 etquidem
807 433 935 499 militum,

139 531 227 569 errore
237 516 292 569 veri
302 532 351 571 seu
361 515 500 571 turbarum
512 514 609 577 studio,
624 514 743 568 certatim
755 508 935 585 adgregaban-

139 597 196 646 tur:
226 607 289 644 eum
311 599 458 662 pertractus
481 589 515 642 ad
535 589 672 643 Vitellium
695 589 935 659 inenogamsqru.

138 668 265 736 quisnam
276 664 428 720 mortalium
438 672 516 727 esset,
528 674 669 735 postquam
682 662 757 717 nulla
769 662 852 716 dictis
860 659 935 725 fidu,

140 749 166 792 et
177 758 192 794 a
202 740 312 795 domino
320 740 488 803 noscebatur,
505 739 654 794 conditione
667 738 808 811 largitirus,
828 736 935 791 nomint

140 813 215 881 Geta,
230 824 369 885 sumptum
382 814 418 868 dc
426 831 458 869 eo
466 813 631 885 supplicium
640 812 765 868 servilem
775 813 804 866 in
814 810 935 867 modum.

192 933 236 987 73.
257 932 309 986 Vix
323 931 449 987 credibile
461 941 608 987 memoratu
622 942 672 997 est,
692 938 826 1005 quantum
842 948 935 1005 supas,-

138 1007 197 1061 biae
210 1007 398 1079 socordiaeque
409 1006 514 1062 Vitellio
527 1007 679 1071 adoleverit,
688 1016 831 1079 postquam
841 1023 935 1079 specu-

139 1083 232 1136 latores
246 1097 261 1134 a
274 1079 352 1153 Syria
366 1081 526 1153 Iudaeaque,
543 1082 665 1138 adactum
677 1083 704 1137 in
715 1082 796 1137 verba
806 1083 867 1137 eius
876 1080 935 1137 Ori-

138 1166 226 1211 entem
240 1158 405 1211 nuntiavere.
444 1157 523 1222 Nam,
539 1158 588 1213 atsi
602 1158 678 1230 vagis
691 1157 780 1213 adhue
793 1164 820 1211 et
828 1156 935 1212 incutis

138 1231 300 1295 auctoribus,
316 1239 371 1287 erat
380 1240 467 1287 tumen
478 1233 506 1286 in
516 1250 561 1287 ore
571 1230 694 1303 lamaque
702 1233 896 1303 Vespasianus,
905 1248 935 1289 aa

137 1306 298 1379 plerumque
307 1307 340 1361 ad
351 1323 447 1362 nomen
457 1308 516 1362 eius
525 1306 649 1362 Vitellius
659 1307 831 1363 excitabatur.
866 1306 936 1363 Tum

138 1384 206 1453 ipse,
217 1384 412 1455 exercitusque,
427 1392 458 1437 ut
471 1380 545 1439 nullo
555 1381 669 1446 aemulo,
681 1383 800 1447 saevitia,
813 1381 934 1449 libidine,

137 1466 225 1529 raptu,
235 1459 264 1513 iu
275 1466 396 1513 externos
406 1475 493 1515 mores
502 1465 686 1530 proruperant.

191 1569 235 1622 ll.
256 1565 291 1621 At
298 1567 480 1638 Vespasianus
494 1566 594 1622 bellum
605 1583 742 1638 armaque,
753 1571 780 1620 et
789 1565 884 1637 procul
894 1564 935 1621 rel

137 1642 211 1696 iuxta
223 1642 289 1695 sitas
297 1643 378 1705 vires,
389 1642 634 1713 circumspectabat.
664 1641 742 1696 Miles
751 1642 804 1711 ipsi
814 1641 935 1712 adcopu-

138 1725 220 1779 ratus,
241 1724 273 1768 ut
285 1725 454 1785 praeeuntem
469 1726 675 1781 sacramentum,
695 1726 721 1770 et
733 1716 819 1771 fausta
830 1715 935 1771 vitellio

137 1791 227 1845 omnia
244 1799 404 1859 precantem,
426 1808 473 1861 per
485 1791 622 1846 silentium
635 1792 778 1845 audierint.
817 1790 935 1845 liuciani

137 1866 244 1918 animus
260 1881 309 1918 neo
322 1864 485 1936 Vespasiano
498 1866 611 1930 alienus,
630 1875 657 1920 et
669 1867 698 1920 in
712 1867 801 1920 Titum
816 1867 935 1937 munior.

137 1938 287 1993 Praefectus
296 1939 420 2013 Aegypti,
432 1941 474 1994 Ti.
485 1940 643 2005 Alexander,
659 1941 769 1996 masilia
779 1942 935 1997 sodaverss

137 2016 252 2070 'lertiam
264 2014 404 2088 legionem,
417 2016 489 2087 quod
498 2032 514 2069 e
522 2016 600 2090 Syria
609 2017 638 2070 in
648 2017 775 2071 Moesiam
785 2018 935 2082 transisset,

137 2108 214 2145 susm
229 2090 394 2145 numerabat.
435 2089 540 2145 Ceterae
555 2090 653 2164 lllyrici
667 2091 784 2164 legiones
796 2101 935 2147 secuturae

137 2166 488 2316 {mdabat}
497 2176 743 2305 tltlt‘llltl,
754 2164 935 2313 tollat:

137 2334 254 2388 corpora,
263 2316 363 2372 borridi
373 2325 610 2379 sermone,oeteros
620 2326 650 2375 ut
659 2319 766 2388 inpares
773 2316 935 2373 inridebant.

136 2391 187 2446 Sed
197 2394 225 2447 in
236 2401 306 2447 tanta
317 2391 385 2447 mole
395 2390 457 2445 belli
468 2391 626 2464 plerumque
635 2393 780 2446 cunctatio:
801 2399 827 2445 et
835 2392 935 2463 Vespa·

137 2469 240 2532 sianus,
251 2467 331 2523 modo
340 2469 368 2521 in
377 2484 454 2539 spem
463 2476 576 2531 erectus,
583 2467 726 2538 aliquando
734 2466 845 2520 adversa
855 2484 935 2538 repu-

136 2542 221 2597 tabat:
243 2543 310 2609 Quis
319 2546 364 2597 llts
372 2547 428 2597 dies
436 2548 510 2612 soret,
523 2560 575 2612 quo
582 2543 637 2595 LX
642 2548 829 2613 ostatisuqoa
837 2551 862 2597 st
871 2547 935 2596 duas

112 2619 312 2682 filt'm'mnu
324 2614 584 2692 ballopsmt'ttsrst?
611 2618 675 2672 Esse
683 2618 799 2684 primata
810 2621 935 2678 coquum

75 2691 388 2840 rm,
401 2708 438 2767 st
444 2706 535 2772 prout
541 2696 642 2757 velint,
650 2694 715 2761 plus
723 2692 846 2740 mausus
853 2687 935 2733 andr
