1950 3016
53 192 100 269 ro.)
183 203 558 252 nin,nca1³..aa·-m.
743 196 777 252 n

53 325 69 362 s
84 306 155 361 inter
160 306 285 370 bannos,
299 322 333 361 ne
341 305 474 377 supplicio
484 305 543 360 eius
553 304 626 361 ferox
634 322 702 379 gens
711 305 777 361 elie·

53 400 94 437 ur.
135 381 170 436 Et
186 388 262 434 erant
275 381 421 436 incivitate
435 381 586 454 Lingonum
599 389 656 437 octo
666 382 776 438 Batavo-

54 456 188 521 eolmrtes‚
208 456 435 528 quartaedecimae
455 455 568 529 legionis
587 455 695 521 armilla,
717 465 775 512 tum

53 532 108 586 rdia
129 540 279 602 temporum
297 549 312 585 a
327 530 429 605 legione
444 531 590 605 digressae,
608 540 686 602 prout
698 531 777 587 inoli-

53 615 93 671 nt,
109 607 212 680 grande
224 615 386 661 momentum
397 607 483 661 sociae
493 615 539 660 aut
548 605 683 661 adversae.
723 608 777 662 No-

54 724 62 748 ,
74 683 230 744 bonallam,
245 681 399 746 Romilinm‚
411 681 588 752 Calpurnium
597 681 776 747 centuriones,

53 758 127 812 ribus
142 773 223 828 supra
238 756 386 820 retulimus,
401 756 486 811 occidi
497 757 584 821 iussit,
596 756 735 811 demum
745 756 776 810 ll-

53 834 155 896 lmine,
165 831 324 905 genimima
335 832 401 887 inter
410 831 596 887 desciscentes.
635 829 777 887 decessere

53 926 99 963 tus
113 905 236 962 Valerius
249 907 390 970 Asiaticus,
406 907 527 980 Belgicae
540 907 691 978 provinciae
704 905 775 981 lega

53 1000 129 1056 auena
144 998 207 1036 mox
217 980 342 1036 Vitellius
353 998 482 1053 generum
496 981 624 1038 adscivit:
643 990 669 1037 et
681 983 777 1038 lunius

53 1077 95 1124 us,
112 1056 303 1130 Lugdunensis
313 1054 415 1112 Galliae
428 1065 522 1123 rector,
537 1074 599 1112 cum
610 1056 698 1112 italica
710 1058 776 1133 legi-

53 1144 69 1189 et
88 1133 130 1188 ala
150 1133 280 1197 Taurino,
306 1132 432 1206 Lugduni
454 1132 631 1188 tendentibus.
672 1133 727 1188 Neo
745 1134 776 1187 in

53 1210 109 1265 ieis
118 1210 203 1280 copiis
213 1225 295 1272 mora,
302 1208 449 1280 quominus
461 1209 548 1263 statim
557 1208 773 1282 adiungerentur.

53 1290 72 1341 l.
95 1286 135 1339 Ne
149 1286 178 1339 in
192 1284 327 1338 Britannia
336 1283 446 1356 quidem
456 1283 615 1339 dubitatum.
656 1284 776 1338 Praeerat

53 1360 125 1415 allius
141 1360 285 1424 Maximus,
300 1376 348 1430 per
361 1359 499 1415 avaritiam
514 1376 544 1412 aa
556 1357 646 1412 sordes
658 1367 776 1412 oontem-

56 1435 186 1491 exeroitui
205 1435 375 1506 invisusque.
414 1433 579 1488 Aooendebat
601 1431 693 1489 odium
716 1432 776 1486 eine

54 1530 89 1566 ns
103 1510 220 1574 Caelius,
237 1508 338 1583 legatus
352 1509 495 1563 vicesimae
509 1507 630 1581 legionis,
645 1506 709 1562 olim
720 1506 776 1562 dis-

63 1586 113 1642 sed
123 1585 260 1641 occasione
272 1584 394 1640 civilium
409 1600 544 1638 armorum
554 1583 668 1637 atrocius
680 1599 772 1654 proru-

53 1705 56 1717 .
92 1660 241 1716 Trebellius
252 1660 407 1716 seditionem
418 1668 443 1713 et
451 1657 592 1714 confusam
602 1657 722 1714 ordinem
733 1658 776 1714 di·

54 1755 106 1792 nae
124 1736 225 1804 Caeli03
247 1735 372 1807 spoliatas
391 1742 416 1789 et
430 1735 523 1806 inopes
538 1733 655 1807 legiones
668 1731 777 1789 Caelius

53 1813 108 1868 >llio
126 1810 284 1867 oblectabat:
315 1828 376 1865 cum
396 1810 503 1865 interim
523 1807 605 1864 laedis
627 1808 773 1882 legatorum

53 1888 168 1943 niuibus
184 1885 311 1943 modestia
325 1886 457 1940 exereitus
471 1893 608 1956 morante,
623 1901 707 1957 eraque
718 1885 775 1940 dis-

53 1981 81 2019 ee
95 1970 215 2026 ventum,
234 1969 264 2016 ut
276 1960 448 2016 auxiliarium
462 1976 570 2033 quoque
584 1959 701 2015 militum
711 1976 774 2015 oon-

64 2038 246 2111 proturbatus,
261 2044 296 2101 el,
308 2036 387 2110 adgre
406 2035 512 2090 antibus
525 2053 554 2091 sa
564 2034 652 2091 Caelro
661 2036 773 2091 cohorti·

53 2115 158 2186 lisque,
175 2112 296 2167 desertus
305 2054 453 2167 Trebellius
463 2110 640 2167 adVilellium
651 2110 777 2182 perfrige-

58 2189 142 2256 Quies
157 2187 322 2259 provinciae,
337 2202 503 2260 quamquam
517 2196 617 2241 remoto
630 2184 773 2249 consulari,

54 2267 85 2320 it.
124 2265 226 2317 Rexere
241 2260 318 2336 legati
332 2261 480 2336 legionum3
502 2279 578 2334 pares
590 2263 657 2325 iure,
669 2257 777 2315 Caelius

53 2339 248 2411 rdopotentior.

53 2420 73 2471 Ι.
94 2415 229 2469 Adiuncto
241 2412 389 2466 Britanniae
409 2413 535 2475 exercitu,
557 2411 651 2482 ingens
670 2408 775 2464 viribus

53 2508 129 2562 isque
142 2487 276 2552 Vitellius,
291 2487 358 2543 duos
373 2486 465 2554 duces,
480 2483 723 2543 duoitinerabello
731 2483 783 2538 ds-

53 2567 90 2619 a't.
131 2564 230 2619 Fabios
248 2563 345 2621 Valens
365 2564 496 2634 adlioere,
517 2562 579 2631 uel,
592 2562 621 2620 si
634 2561 810 2620 abnuerent„

53 2637 191 2723 edulitas,
209 2647 235 2694 et
251 2641 388 2704 Cottianis
401 2646 531 2724 Alpibus
539 2640 840 2712 latissimarum:

53 2725 127 2764 ‘W
141 2717 281 2789 propiora
301 2726 449 2800 transitu,
467 2723 606 2787 Peninis
619 2719 710 2798 tagis
722 2701 853 2784 Q&
