1950 3016
120 199 171 254 ⁴82
345 203 684 257 ,rarsuonrauuu
784 192 921 268 (ansas

122 305 174 369 vel,
186 305 210 359 si
220 305 386 372 retineretur,
398 306 502 361 semina
511 305 659 360 discordiae
668 304 814 376 praeberet,
824 305 852 358 in
863 304 924 358 Fri-

120 381 175 435 sios
185 380 316 435 avehitur.

177 458 218 510 te.
249 455 346 510 lisdem
366 454 461 509 diebus
485 455 642 509 batavorum
662 462 687 509 et
706 453 922 510 Canninefatium

121 529 249 595 cohortes,
266 547 328 584 eum
343 531 421 584 iussu
432 529 531 584 Vitellii
544 531 572 583 in
587 529 681 584 urbem
696 538 845 602 pergerent,
856 530 924 583 mie·

121 623 168 659 sus
187 623 204 659 a
224 605 309 660 Civile
327 605 439 659 nuntius
458 604 623 675 adsequitur.
663 605 817 658 intumuere
832 605 922 658 statim

121 681 246 752 superbia
258 679 416 752 ferociaque,
427 687 453 732 et
459 684 573 747 pretiatur
581 683 692 742 itineris,
701 683 860 738 donatiuum,
873 683 923 731 du-

119 759 183 823 plec
191 760 354 823 stipendium,
364 758 456 823 uesperi
466 758 579 822 equitum
588 771 730 817 numerum,
736 755 869 824 promissa
879 771 923 807 sa-

121 830 305 893 neaVitelllo,
325 828 501 900 postulabant,
524 845 576 883 non
591 837 621 883 ut
634 828 854 900 adsequerentur,
874 827 924 883 sed

121 923 243 960 caussam
254 904 386 959 seditioni.
424 904 458 958 Et
467 903 587 969 Flaccus,
599 902 682 958 multa
692 903 868 968 conoedendo,
880 905 924 958 ni-

121 979 159 1035 hil
176 979 249 1033 aliud
263 979 391 1043 effecerat,
415 994 497 1050 quam
508 987 538 1032 ut
551 981 639 1033 acrius
650 987 830 1050 exposcerent,
851 995 923 1050 quae

120 1053 239 1109 sciebant
253 1060 420 1126 negaturum.
460 1051 552 1123 Spreto
565 1054 585 1107 F
588 1052 671 1119 lacco,
688 1052 840 1108 inferiorem
854 1055 923 1108 Ger-

121 1129 238 1183 maniam
248 1129 375 1200 petivere,
391 1135 420 1181 ut
430 1127 510 1182 Civili
521 1130 703 1201 iungerentur.
743 1129 920 1194 Hordeonius,

121 1203 248 1258 adhibitis
262 1202 378 1257 tribunis
393 1204 657 1276 centurionibusque,
672 1203 841 1268 consultavit,
854 1221 921 1258 num

120 1278 281 1351 obsequium
297 1278 442 1333 abnuentes
456 1279 483 1333 vi
495 1286 632 1333 coerceret.
672 1279 743 1344 llox,
754 1280 835 1332 insita
844 1280 924 1352 igna-

121 1355 164 1409 via
180 1362 205 1408 et
222 1353 331 1425 trepidis
346 1354 492 1417 ministris,
513 1371 583 1425 quos
597 1353 741 1426 ambiguus
757 1353 921 1409 atrxiliorum

121 1431 229 1485 animus
242 1438 268 1484 et
281 1429 370 1484 subito
382 1427 484 1483 delectu
499 1428 635 1499 suppletae
650 1428 766 1501 legiones
777 1430 920 1501 angebant,

120 1505 221 1570 statuit,
232 1505 366 1560 continere
376 1504 444 1557 intra
454 1510 538 1558 cestra
548 1503 671 1557 militem.
706 1504 772 1558 Dein
782 1505 924 1574 poeniten·

121 1580 166 1643 tia,
178 1587 203 1633 et
213 1578 387 1651 arguentibus
397 1578 474 1648 ipsis,
484 1579 533 1649 qui
542 1585 688 1642 suaserant,
695 1586 832 1649 tamquam
843 1596 923 1634 secu-

122 1662 209 1716 turus,
225 1653 333 1724 scripsit
347 1653 478 1706 Herennio
491 1652 578 1718 Gallo,
590 1653 701 1726 legionis
711 1654 815 1724 primae
824 1653 920 1727 legato,

120 1729 169 1798 qui
178 1728 298 1781 Bonnam
307 1725 451 1791 obtinebat,
466 1735 496 1780 ut
508 1737 609 1782 arceret
621 1733 733 1783 transitu
745 1729 874 1783 liutecos:
893 1747 923 1783 ee

121 1818 179 1857 cum
187 1806 304 1855 exercitu
316 1806 393 1868 terpis
403 1818 491 1854 eorum
501 1804 645 1856 boemerum.
677 1803 711 1856 Et
721 1804 838 1873 opprimi
847 1812 923 1874 pote·

120 1882 188 1940 rant,
204 1875 228 1929 si
242 1875 307 1928 hinc
320 1875 493 1941 Hordeonius,
505 1875 568 1930 inde
578 1874 681 1941 Gallus,
693 1878 771 1931 motis
782 1879 921 1950 utrimque

119 1949 213 2021 copiis,
225 1949 328 2004 medios
338 1949 504 2004 clausissent.
544 1951 655 2006 Flaccus
669 1953 761 2006 omisit
770 1952 919 2023 inceptum,

119 2024 235 2097 aliisque
251 2024 344 2080 litteris
359 2024 466 2080 Gallum
482 2027 596 2090 monuit,
611 2043 645 2081 ne
659 2033 767 2081 terreret
778 2026 918 2084 abeuntes.

121 2099 194 2155 Unda
203 2100 431 2171 suspici0,sponte
442 2099 585 2172 legatorum
597 2101 704 2156 excitari
715 2100 833 2156 bellurn:
852 2119 921 2158 cun-

119 2183 223 2246 ctaque,
245 2191 315 2246 quae
330 2175 479 2229 acciderant
491 2182 536 2228 aut
545 2175 740 2241 metuebantur,
761 2193 814 2232 non
825 2178 919 2233 inertia

120 2250 224 2315 militis,
237 2266 324 2320 neque
333 2249 450 2304 bostium
461 2250 498 2313 vi,
510 2249 556 2303 sed
568 2248 659 2303 fraude
671 2250 771 2307 ducum
782 2253 899 2307 evenire.

173 2328 216 2382 20.
238 2325 337 2388 Batavi,
359 2341 421 2378 cum
440 2325 534 2379 castris
547 2323 732 2379 Bonnensibus
754 2328 921 2398 propinqua-

119 2406 186 2464 rent,
202 2400 372 2470 praemisere,
386 2400 434 2470 qui
445 2399 576 2452 Herennio
585 2398 663 2453 Gallo
672 2400 795 2454 mandata
805 2402 921 2458 cohorti·

118 2491 164 2530 um
176 2481 327 2544 exponeret.
368 2475 475 2527 Nullum
485 2477 535 2527 sibi
545 2476 637 2527 bellum
647 2479 772 2530 aduersus
781 2477 918 2543 donicum,

103 2553 267 2618 procustes
276 2551 370 2602 totiens
381 2551 526 2602 bellassent.
568 2548 654 2616 locqc
668 2558 746 2618 utque
756 2554 839 2606 inrito
848 2557 920 2608 miti-

95 2626 140 2675 tia
144 2629 231 2691 seceris
236 2629 351 2694 patriae
362 2635 445 2699 atque
455 2629 504 2681 otii
515 2628 666 2692 cupidinem
675 2639 739 2677 esse.
759 2622 874 2676 Struma
882 2631 927 2677 nb-

80 2697 206 2765 mearet,
225 2706 382 2761 alenceium
398 2709 452 2762 iter
468 2709 542 2776 {pm
564 2702 609 2755 sio
619 2715 705 2754 urtuc
713 2700 948 2758 comitatuum
