1950 3016
71 211 96 249 i.
111 190 199 265 cao.)
284 200 364 246 ura.
383 200 420 247 11.
440 200 529 246 cnr.
550 200 654 246 s-ro.
839 196 871 249 oo

71 303 175 359 artibus
188 301 332 375 adgressus
348 310 401 356 est:
423 301 506 357 donec
520 299 641 365 Sisenna,
652 301 720 356 clam
731 302 817 357 relicta
829 305 872 356 in-

71 378 141 444 sula,
161 378 282 448 trepidus
301 385 327 432 et
341 379 398 432 vim
415 385 538 431 metuens
557 375 703 449 aufugeret.
743 379 805 432 Inde
821 378 871 432 late

72 462 165 518 terror,
187 452 281 507 multis
295 451 329 506 ad
341 451 516 506 celebritatem
527 452 645 506 nominis
658 454 760 519 erectis,
780 471 869 508 rerum

72 546 205 586 novarum
214 527 351 598 cupidine,
363 536 388 580 et
397 528 457 582 odio
466 527 656 598 praesentium.

126 607 153 658 9.
176 602 340 658 Glisoentetn
350 602 377 656 iu
387 602 443 656 dies
453 601 550 656 lamam
561 601 614 657 lors
624 601 759 656 discussit.
793 601 872 656 Gala-

72 680 136 735 tiam
156 696 187 732 ac
207 676 393 750 Pamphyliam
409 678 557 749 provincias
572 676 717 748 Calpurnio
734 675 871 747 Asprenati

72 753 203 828 regendas
217 752 301 807 Galba
314 754 477 823 permiserat.
517 753 595 806 Datae
609 770 623 805 e
635 751 720 806 classe
729 752 872 806 Misenensi

72 830 142 884 duae
151 829 274 883 triremes
283 827 315 881 ad
325 827 551 899 prosequendum,
558 845 619 882 cum
629 828 729 900 quibus
736 827 871 901 Cythnum

71 903 190 959 insulam
207 904 301 957 tenuit.
340 904 394 957 Nee
407 902 523 966 defuere,
540 904 588 975 qui
600 903 754 957 trierarchos
765 905 872 957 nomina

71 980 186 1035 Neronis
196 979 320 1033 accirent.
332 978 358 1032 ls
368 979 396 1032 in
407 980 563 1032 maestitiam
574 980 746 1049 compositus,
757 988 782 1033 et
793 979 871 1032 fidem

72 1072 186 1111 suorum
202 1053 337 1125 quondam
352 1052 468 1107 militum
483 1054 619 1116 invocans,
636 1063 664 1107 ut
678 1071 740 1108 eum
754 1055 780 1108 in
795 1053 871 1127 Syria
898 1114 901 1119 ‚

73 1140 118 1186 aut
135 1130 258 1202 Aegypto
275 1130 410 1192 sisterent,
430 1129 529 1183 orabat.
569 1129 716 1183 Trierarchi
738 1139 870 1194 nutantes,

72 1224 119 1262 seu
136 1204 208 1268 dolo,
224 1203 403 1275 adloquendos
419 1204 471 1257 sibi
484 1202 591 1266 milites,
607 1213 631 1257 et
642 1206 739 1274 paratis
749 1207 870 1259 omnium

71 1282 172 1338 animis
181 1297 344 1344 reversuros,
357 1278 538 1332 firmaverunt.
567 1279 619 1334 Sed
629 1279 768 1350 Asprenati
779 1289 872 1333 cuncta

72 1375 105 1413 ex
120 1356 174 1411 sule
188 1357 321 1409 nuntiata:
343 1354 421 1408 euius
435 1353 610 1408 cohortatione
624 1364 774 1427 expugnata
785 1356 871 1419 navis,

71 1441 97 1488 et
106 1429 262 1487 interiectus
272 1430 397 1501 quisquis
408 1428 453 1483 ille
464 1437 527 1483 erat.
567 1428 680 1499 Corpus,
694 1431 800 1501 insigne
810 1447 874 1484 ocn-

72 1507 106 1562 lis
126 1522 258 1577 comaque
277 1513 302 1558 et
316 1505 434 1559 torvitate
448 1504 549 1570 vultus,
570 1504 598 1558 in
613 1504 705 1559 Asiam
720 1512 799 1576 atque
812 1505 873 1559 inde

72 1584 185 1638 Romam
198 1588 350 1651 pervectum
361 1588 409 1634 est.

129 1661 171 1711 tu.
195 1657 224 1710 ln
243 1656 348 1710 civitate
364 1653 477 1709 discordi
493 1662 527 1719 et,
548 1653 582 1710 ob
600 1653 704 1709 crebras
719 1655 872 1727 principum

73 1733 244 1795 mutationes,
261 1732 329 1785 inter
345 1730 489 1785 libertatem
505 1747 535 1784 ac
548 1729 680 1784 licentiam
693 1732 800 1795 incerta,
813 1750 874 1803 par-

72 1826 122 1863 vae
142 1823 251 1880 quoque
270 1823 312 1860 res
332 1807 437 1879 magnis
454 1805 569 1861 motibus
582 1806 736 1878 agebantur.
777 1808 872 1863 Vibius

74 1883 198 1955 Crispus,
215 1881 337 1952 pecunia,
349 1883 472 1952 potentia,
487 1883 594 1953 ingenio
604 1884 670 1936 inter
681 1882 764 1938 claros
774 1887 870 1957 magis,

74 1976 157 2032 quam
174 1959 242 2012 inter
257 1957 349 2019 bonos,
365 1954 483 2010 Annium
501 1957 638 2020 Fmrstum,
657 1961 788 2029 equestris
801 1960 873 2013 ordi-

74 2036 127 2097 nis,
143 2035 192 2105 qui
203 2031 367 2103 temporibus
376 2032 488 2085 Neronis
501 2031 643 2086 delationes
655 2032 823 2095 [actitaverat
840 2034 873 2087 ad

74 2109 252 2183 cognitionem
272 2115 380 2161 senatus
398 2106 515 2160 vocabat.
555 2108 621 2161 Nam
647 2125 752 2171 recens,
773 2108 873 2162 Galbae

73 2185 237 2256 principatu,
253 2190 409 2236 censuerant
423 2190 519 2252 patres,
533 2191 561 2236 ut
571 2193 752 2238 accusatorum
763 2199 873 2237 caussae

73 2267 253 2315 noscerentur.
293 2257 322 2311 ld
337 2256 595 2312 senatusconsultum
610 2261 683 2313 varie
697 2260 821 2312 iactatum
836 2265 870 2320 et,

93 2343 152 2390 rout
163 2343 255 2405 potens
266 2331 307 2385 vel
319 2333 395 2403 inops
406 2350 467 2386 reus
478 2332 612 2395 inciderat,
625 2334 761 2387 infirmum
773 2340 818 2384 aut
826 2349 873 2386 va-

72 2353 159 2466 lldum
176 2407 347 2463 retinebatur.
386 2407 427 2462 Ad
441 2408 491 2462 hoc
506 2409 611 2462 terroris
624 2417 649 2463 et
662 2407 766 2477 propria
777 2407 803 2460 vi
814 2407 873 2463 Cri-

73 2504 141 2558 spus
151 2485 318 2546 incubuerat,
334 2482 473 2538 delatorem
486 2481 573 2536 lratris
584 2484 626 2536 sui
637 2490 798 2553 pervertere:
821 2491 873 2537 tra-

73 2572 203 2630 xeratque
221 2577 344 2630 magnam
364 2567 472 2614 senatus
488 2568 604 2634 partem,
625 2566 658 2616 ut
669 2557 852 2614 indolensum
863 2567 894 2615 at

63 2634 214 2686 mortalitem
228 2633 291 2686 dedi
302 2635 339 2690 ad
351 2637 469 2694 exitium
482 2638 670 2715 postularent.
714 2637 822 2697 bontra
830 2636 916 2709 apud

63 2703 118 2755 ilios
124 2702 295 2778 attilaeque
303 2728 350 2768 reo
356 2715 505 2790 proderat,
513 2738 611 2799 quam
623 2720 725 2781 nimia
735 2717 871 2800 potenlua
878 2711 934 2767 aa.
