1950 3016
131 186 181 241 aar
367 187 693 235 nraronunure
791 176 928 252 (numu.

130 291 189 346 dica
207 289 255 344 sed
268 288 360 344 crebra
374 289 471 344 damna
486 288 584 344 lamam
598 289 723 345 victoriae
739 305 826 360 nuper
840 295 931 360 partae

131 365 288 420 lacerabunt.

186 444 228 495 80.
249 439 347 494 lisdem
356 438 453 493 diebus
459 439 600 494 Mucianus
608 436 708 493 Vitellii
717 437 805 493 filium
816 439 929 494 interfici

130 516 217 571 iubet:
248 532 403 570 mensuram
421 513 580 569 discordiam
601 513 757 578 obtendens,
777 514 808 568 ni
825 515 930 570 semina

129 591 193 646 belli
208 591 383 645 restinxisset.
422 590 518 660 Neque
533 589 679 644 Antonium
693 589 816 643 Primum
831 589 929 644 edsciri

129 666 198 722 inter
211 667 320 721 comites
334 682 350 718 a
364 665 512 720 Domitiano
526 681 623 735 passus
638 673 688 728 est,
703 662 792 719 lavore
808 663 927 719 militum

130 742 238 806 anxins,
252 749 278 795 et
291 738 417 811 superbia
431 740 493 804 viri,
508 739 661 810 aequalium
675 756 793 810 qnoque,
805 739 871 794 eden
881 757 929 794 sn-

129 818 279 887 periorum,
303 815 476 869 intolerantis.
515 813 649 869 Proiectus
671 814 706 868 ad
731 815 927 884 Vespasianum

129 891 270 953 Antonius,
282 897 373 944 utnon
384 906 432 960 pro
441 906 489 960 spe
497 906 545 943 sua
558 889 697 959 excipitur,
708 889 743 943 ita
754 905 842 960 neque
850 907 928 944 aver-

129 983 160 1018 so
177 965 344 1033 imperatoris
362 965 461 1018 animo.
502 963 665 1017 Trahebatur
683 964 712 1017 in
731 963 847 1028 diversa,
863 964 928 1020 binc

129 1039 232 1092 meritis
250 1037 368 1101 Antonii,
389 1038 467 1091 cuius
485 1037 566 1093 ductu
586 1037 733 1092 conlectum
752 1037 928 1094 hauddubie

126 1111 229 1167 bellum
239 1120 303 1176 eret,
315 1111 378 1166 inde
387 1112 503 1166 Muciani
513 1112 647 1182 epistolis:
661 1111 744 1168 simul
753 1114 833 1167 ceteri
843 1123 874 1169 ut
884 1116 928 1169 in-

126 1185 224 1241 festum
244 1186 432 1258 tumidumque
451 1187 656 1253 insectabantur,
676 1187 810 1242 adiunctis
828 1191 927 1259 prioris

127 1264 197 1318 vitae
206 1262 374 1317 criminibus.
395 1263 488 1333 Neque
497 1262 661 1333 ipsedeerat,
670 1262 821 1336 adrogantia
832 1281 927 1319 vocare

126 1337 253 1403 offensas,
279 1339 382 1393 nimius
406 1337 657 1402 commemorandis,
682 1355 752 1408 quae
770 1339 924 1394 meruisset.

127 1412 211 1478 Alios,
228 1421 258 1468 ut
271 1412 393 1477 inbelles,
410 1412 560 1477 Caecinam,
576 1421 606 1467 ut
618 1412 754 1483 captivum
764 1413 926 1469 acdeditici-

127 1505 184 1553 um,
196 1490 322 1559 increpat.
352 1488 428 1543 Unde
437 1488 575 1559 paullatim
585 1485 668 1542 levior
679 1487 811 1560 viliorque
819 1488 923 1556 haberi,

126 1572 249 1619 manente
258 1572 346 1618 tamen
356 1564 385 1618 in
394 1564 510 1634 speciem
523 1563 648 1617 amicitia.

180 1642 222 1692 8⁴.
243 1639 292 1692 Per
306 1655 351 1693 eos
366 1654 481 1702 menses,
496 1637 597 1708 quibus
611 1638 792 1708 Vespasianus
806 1637 925 1696 Alexan·

125 1711 198 1766 driae
214 1720 294 1767 statos
307 1713 416 1768 aestivis
428 1710 534 1766 datibus
547 1712 615 1777 dies,
630 1721 656 1767 et
668 1720 738 1767 certa
748 1714 831 1768 maris
841 1732 925 1787 oppe-

124 1786 251 1850 riebatur,
271 1786 355 1841 multa
368 1787 496 1841 miracula
510 1803 630 1852 evenere,
650 1788 713 1859 quis
728 1787 795 1843 coeli
810 1788 886 1846 lavor
898 1798 924 1846 et

124 1859 255 1931 quaedam
265 1861 493 1932 invespasienum
503 1860 639 1917 inclinatio
648 1863 793 1918 numinum
800 1866 924 1921 ostende-

123 1943 206 1989 retur.
245 1934 288 1989 Bx
301 1933 378 2006 plebe
391 1935 569 1991 Alexandrina
578 1937 700 2008 quidam,
714 1939 853 1995 oculorum
864 1941 924 1996 tebe

123 2018 212 2076 notus,
226 2026 314 2084 genua
328 2012 387 2064 eius
401 2009 560 2076 advolvitur,
571 2012 719 2067 remedium
732 2014 865 2070 caecitatis
875 2033 923 2071 ex-

122 2102 234 2157 poscens
253 2085 367 2158 gemitu3
389 2086 492 2140 monitu
505 2084 639 2158 Serapidis
657 2087 711 2153 dei,
732 2105 815 2160 quem
833 2090 923 2146 dedita

123 2161 357 2231 superstitionibus
374 2169 514 2233 gemente
531 2161 596 2216 alios
615 2162 689 2218 colit:
710 2164 922 2238 precabaturque

122 2237 281 2308 principem,
301 2244 331 2289 ut
350 2253 429 2304 panca
442 2245 466 2290 at
480 2240 613 2291 oculorum
628 2241 701 2292 orbes
714 2243 922 2306 dipncreturre·

121 2329 240 2380 aperqera
249 2315 304 2365 cria
314 2320 482 2365 excremento.
521 2310 599 2366 Alius
608 2330 718 2367 manum
728 2330 817 2386 aeger,
828 2315 919 2370 eodem

122 2386 171 2439 deo
189 2393 303 2450 auctore,
327 2393 358 2440 ut
371 2390 436 2454 peda
454 2405 487 2440 ac
504 2391 610 2454 vestique
627 2386 748 2442 Caesaris
762 2393 920 2454 calcaretur,

122 2460 220 2515 orabat.
248 2460 428 2531 Vespasianus
438 2463 525 2532 primo
533 2461 657 2526 inridere,
670 2465 818 2533 aspernari,
828 2473 919 2537 atque,

119 2534 176 2589 illis
186 2535 358 2599 instantibus,
374 2535 452 2590 modo
461 2535 558 2589 lamam
569 2538 692 2591 vanitatis
702 2548 830 2605 metuere,
843 2540 921 2595 modo

107 2609 296 2669 obsecratione
311 2613 439 2687 ipsorum
452 2620 479 2668 et
490 2611 606 2668 vecibus
622 2611 792 2664 adulantium
800 2614 837 2666 'in
845 2631 924 2680 spem

93 2683 206 2744 induci.
253 2691 401 2750 Postremo
417 2687 577 2749 existimari
590 2681 943 2744 amedrus'mbetmmaus
