1950 3016
118 204 168 260 ‘tto
354 206 679 255 utsuoulnuuu
778 197 914 272 (nasu.

117 327 198 378 neque
211 326 286 364 armo
296 312 352 364 sinc
360 313 504 377 stipendiis,
519 326 600 378 neqiee
609 311 802 377 stipendiasine
813 311 919 363 tributis

117 388 206 438 nutui
216 392 319 452 queunt.
360 384 451 438 Cetera
460 389 488 438 in
499 388 626 438 communi
635 390 688 438 sita
697 392 765 437 eunt.
798 384 854 450 ipsi
860 387 918 450 ple-

116 477 224 527 rumque
235 462 376 528 lepionibus
384 464 481 513 nostris
487 463 657 526 praesidetis:
678 462 729 526 ipsi
742 461 789 511 lius
799 461 919 526 aliasque

115 539 265 602 provincias
283 538 381 602 repitit.
420 534 493 588 Nibil
515 542 665 601 separatum
691 535 845 586 clausumve.
885 533 919 585 Et

117 612 283 664 laudaturum
295 612 443 676 principum
459 625 521 662 usus
535 625 569 662 ea
586 625 676 676 aequo,
693 611 812 675 quamuis
823 609 919 674 proerrl

116 688 265 752 apentlbus:
283 687 355 738 saeui
363 687 493 751 proaeimis
505 687 637 750 inpruunt.
679 682 918 746 Quomoaorlerili·

117 768 194 814 tatem
208 768 255 813 aut
269 763 362 812 nitnios
375 761 470 812 imbres
482 765 506 810 et
518 766 603 811 cetera
613 764 724 810 naturae
734 759 813 818 malo,
825 761 864 808 ita
875 758 917 808 lu·

115 851 180 888 anm
189 837 229 888 nel
238 836 380 886 auaritiam
394 837 581 886 dominantium
591 834 706 884 tolerate.
750 831 817 883 Vitia
831 837 916 888 erunt.

115 912 195 962 donec
209 911 335 961 homines:
355 910 399 960 eea
413 924 494 975 neque
509 910 571 960 boec
586 910 717 967 coritiana,
738 913 763 958 et
781 907 916 958 meliorum

115 988 259 1036 interuentu
275 989 427 1048 pensantur.
466 981 527 1035 Nisi
545 985 619 1047 sorte,
643 981 737 1034 Tutore
755 988 778 1032 et
801 978 917 1032 Classica

115 1058 290 1124 repnentibus,
306 1058 464 1108 moderatius
478 1060 614 1122 imperium
627 1059 753 1122 speratis:
773 1062 819 1106 aut
832 1057 918 1106 mino·

114 1133 195 1192 ribus,
207 1146 284 1197 petam
295 1144 371 1190 nunc,
384 1132 487 1182 tributis
494 1133 661 1196 parabuntur
672 1133 810 1190 exercitus,
823 1131 918 1196 quibua

117 1204 241 1260 Germani
251 1205 423 1271 Britannique
432 1214 580 1257 arceantur.
619 1201 868 1274 Nampulsis(quoct
877 1207 917 1256 dir

112 1277 274 1351 prohibeant)
293 1280 423 1341 Romanis,
444 1282 507 1347 quiri
525 1283 607 1341 aliud,
627 1295 706 1346 quam
722 1281 788 1331 bella
802 1284 916 1331 omnium

113 1359 183 1408 inter
191 1371 219 1408 se
227 1358 340 1423 pontium
350 1352 493 1407 exsistent?
505 1352 714 1420 Octinpentorum
724 1369 853 1406 annorum
859 1358 914 1420 tor·

115 1437 179 1482 tuna
191 1432 380 1497 disciplinaque
390 1444 523 1496 conepapes
533 1431 594 1482 baec
605 1429 710 1490 coaluit,
720 1444 786 1495 quae
796 1429 915 1490 corunelli,

112 1508 169 1557 sine
182 1509 265 1557 cecilio
279 1506 480 1565 convellentium,
496 1519 546 1555 non
554 1510 644 1569 potest.
684 1501 735 1556 Sed
744 1504 815 1556 uobis
825 1506 917 1554 maai-

113 1595 183 1630 mum
200 1582 347 1639 discrimen,
365 1594 444 1645 penes
453 1594 516 1644 quos
528 1594 624 1630 aurum
638 1586 662 1630 et
676 1593 743 1644 opes,
755 1581 918 1644 praecipuae

114 1654 363 1706 bellornmcaussae.
402 1651 512 1704 Proinde
519 1668 610 1718 pacem
620 1659 644 1704 et
652 1654 749 1711 urbem,
763 1667 842 1719 quam
851 1657 916 1704 victi

113 1731 272 1792 uictoresque
285 1729 371 1778 eodem
385 1729 443 1779 iure
457 1729 605 1788 obtinemus,
627 1735 721 1788 amate,
734 1728 816 1778 colite.
856 1727 916 1778 Mo·

113 1804 916 1867 noantvoeutriusque[ortunaedocumentanccontumaciam

114 1890 172 1927 cum
184 1877 308 1939 pernicie,
325 1890 402 1940 quam
418 1877 565 1941 obsequium
580 1892 637 1928 cum
646 1880 793 1936 securitate,
806 1878 914 1929 malitis

113 1946 171 2002 Tali
184 1947 300 2001 oratioue
310 1947 430 2019 graviora
445 1957 592 2003 metuentes
605 1949 754 2019 composuit
764 1951 913 2020 erexitque.

167 2023 210 2077 75.
232 2021 399 2076 Tenebantur
409 2023 506 2078 victine
516 2024 631 2077 exercitu
642 2023 828 2087 Treveri,cum
840 2023 916 2078 eivi-

113 2095 147 2150 lis
160 2105 186 2151 et
201 2096 337 2151 Classicus
349 2098 446 2151 misere
456 2099 489 2151 sd
500 2097 629 2152 Cerialem
640 2097 773 2169 epistolas,
796 2114 914 2169 quarum

112 2170 176 2225 haec
194 2173 322 2225 sententie
342 2171 405 2226 luit:
433 2174 623 2240 Vespasianum,
639 2190 796 2241 quamquam
809 2179 916 2226 rmntios

112 2251 279 2309 occultarent,
292 2252 431 2301 excessisse
440 2252 510 2315 aita;
529 2252 617 2300 urbem
627 2256 705 2315 atque
715 2249 821 2300 ltaliam
830 2252 915 2301 inter·

111 2339 145 2374 no
165 2325 230 2374 bello
250 2331 439 2390 consumptam;
458 2323 578 2376 Muciani
591 2339 624 2375 ac
637 2323 780 2375 Domitiani
798 2340 870 2376 uana
889 2331 914 2376 et

110 2401 166 2448 sinc
180 2399 280 2449 uiribus
294 2401 406 2449 nomiua.
446 2397 476 2451 Si
491 2396 602 2451 Cerialis
616 2401 752 2463 imperium
764 2397 915 2450 Gallionem

111 2473 180 2530 uelit,
192 2475 261 2536 ipsos
270 2473 364 2538 finibus
373 2475 507 2524 ciuitatum
521 2488 629 2524 serarum
640 2479 783 2537 contentos,·
803 2476 828 2524 si
834 2489 915 2538 proe-

108 2545 173 2594 lium
188 2547 284 2606 mallet,
301 2562 333 2598 ne
346 2549 374 2598 iel
383 2549 485 2613 quidem
496 2548 616 2598 obtenere.
655 2545 696 2598 Ad
706 2561 736 2598 eu
747 2544 858 2600 Cerialis
869 2545 915 2600 Ci-

96 2615 147 2666 vili
162 2625 192 2670 et
210 2617 331 2677 Clessioo
353 2620 440 2678 nibil:
464 2639 540 2688 eum,
556 2620 611 2695 qui
631 2619 774 2682 siculensi,
787 2620 921 2686 ipsissimi.

72 2689 211 2752 epistolas
219 2694 470 2759 eunomianum
480 2699 572 2760 misit.
605 2690 940 2759 blesismffii'tssffle'ffis
