1950 3016
134 110 168 162 9⁶
372 109 695 157 rrreronrrrrruar
795 97 930 173 (namu.

133 231 215 345 guam
225 213 259 268 ad
266 230 361 269 omues
369 214 536 284 suspiciones
544 206 931 283 pavidus‚deirrnocmtiaeiae

153 288 274 343 ubitavit.
302 287 387 361 Aegre
396 299 485 343 tamen
494 288 614 351 cohibiti,
625 286 673 357 qui
683 284 796 339 exitium
806 284 931 339 viricou-

132 362 231 418 sularis
241 364 411 434 etquondam
424 363 502 416 ducis
512 363 555 416 sui
570 361 730 433 llagitabaut
768 358 825 413 Neo
835 374 931 430 quem-

133 456 216 511 quam
226 440 344 509 saepius,
354 455 437 510 quam
447 437 710 508 Verginium‚omnis
718 432 814 488 seditio
823 432 931 491 inteu-

133 515 181 569 vit.
221 514 342 569 Manebat
358 511 497 566 admiratio
507 512 558 565 viri
574 520 600 564 et
608 510 692 565 lama:
713 507 761 563 sed
771 509 891 575 oderant,
901 514 931 565 att

133 588 253 644 fastidiri.

189 666 232 717 69.
252 663 359 717 Postero
371 659 414 713 die
424 657 557 722 Vitellius,
571 667 679 713 senatus
696 658 835 731 legatione,
848 674 929 729 quam

133 738 172 793 ibi
181 737 298 807 opperiri
308 737 430 797 iusserat,
442 733 541 797 audita,
554 743 735 806 transgressus
745 734 772 787 in
782 740 877 795 castra,
888 731 931 787 rd-

134 821 174 867 tro
183 813 306 881 pietatem
316 808 618 864 militumoonlaudavit:
631 806 929 873 lremeutibusauxiliis,

134 894 238 941 tautum
248 884 405 955 inpunitatis
414 892 493 955 atque
503 883 670 956 adrogantiae
679 882 831 955 legionariis
843 898 930 937 am·

134 962 212 1015 sisse.
251 960 408 1012 Batavorum
423 958 552 1023 cobortes,
568 975 602 1012 ne
616 958 684 1030 quid
697 955 874 1012 truculentius
882 974 931 1012 au·

134 1035 234 1097 derant,
250 1034 278 1087 in
293 1033 463 1088 Germaniam
483 1034 624 1097 remissam
644 1032 808 1103 principium
828 1032 930 1087 interno

134 1107 217 1163 simul
226 1115 387 1179 externoque
395 1106 465 1162 bello
474 1108 628 1179 parantibus
641 1105 711 1161 latis.
744 1104 931 1161 Redditacivi-

134 1183 232 1237 tatibus
248 1182 385 1237 Gallorum
405 1182 514 1247 auxilia,
536 1184 630 1255 ingens
644 1198 784 1245 numerus,
804 1190 831 1236 et
843 1182 931 1252 prima

134 1259 224 1313 statim
234 1256 378 1313 deiectione
391 1259 459 1312 inter
469 1258 559 1312 inania
571 1256 634 1311 belli
646 1257 816 1326 adsumptus.
856 1255 932 1311 Cete-

133 1351 206 1399 mm,
217 1341 247 1387 ut
256 1332 441 1406 largitionibus
450 1331 565 1387 adiectae
574 1333 626 1386 iarn
638 1331 743 1402 imperii
751 1347 817 1400 opes
823 1329 932 1385 suffice·

134 1416 202 1472 rent,
218 1408 351 1478 amputari
365 1408 500 1480 legionum
516 1405 733 1476 auxiliorumque
748 1422 876 1461 numeros
888 1406 932 1461 iu·

135 1484 187 1549 bet,
199 1484 288 1537 vetitis
297 1482 505 1551 supplementis:
527 1490 552 1535 et
565 1483 732 1551 promiscuae
740 1478 933 1537 missionesol-

135 1557 296 1612 ferebantur.
322 1556 466 1611 Exitiabile
476 1556 503 1610 id
513 1556 684 1626 reipublicae,
695 1556 829 1626 ingratum
839 1555 930 1620 militi.

135 1632 180 1686 cui
199 1631 291 1685 eadem
310 1631 404 1684 munia
418 1632 485 1683 inter
500 1647 608 1700 panem,
629 1629 800 1701 periculaque
812 1646 844 1685 ac
858 1628 932 1685 labor

134 1704 255 1759 crebrius
274 1703 403 1758 redibant.
442 1704 476 1758 Et
494 1706 564 1758 vires
587 1705 654 1759 luxu
677 1704 931 1774 conrumpebantur‚

135 1786 225 1833 contra
235 1786 350 1833 veterem
363 1777 531 1848 disciplinam
542 1788 568 1833 et
577 1781 696 1833 instituta
706 1780 850 1843 maiorum,
861 1776 933 1849 apud

136 1871 205 1926 quos
215 1853 321 1915 virtute,
337 1870 419 1923 quam
430 1854 551 1923 pecunia,
563 1870 605 1907 res
616 1855 732 1907 Romana
742 1851 841 1907 melius
850 1854 931 1909 stetit.

190 1929 233 1983 to.
254 1927 318 1981 lude
336 1927 459 1983 Vitellius
477 1927 634 1982 Cremonam
654 1926 740 1991 flexit,
760 1935 796 1991 et,
817 1934 934 1998 spectato

135 2019 247 2058 munere
259 2002 395 2066 Caecinae,
410 2004 533 2057 insistere
546 2002 764 2056 Bedriacensibus
778 2004 891 2072 campis.
901 2018 934 2057 ao

136 2077 248 2150 vestigia
268 2078 381 2131 recentis
395 2077 519 2133 victoriae
536 2077 648 2131 lustrare
666 2074 751 2131 oculis
769 2077 931 2148 concupivit.

135 2153 255 2207 Foedum
268 2160 348 2222 atque
362 2159 437 2207 anor
449 2151 640 2223 spectaculum.
680 2150 934 2224 Intraquadrageei-

137 2245 213 2281 mum
228 2244 334 2299 pugnae
344 2227 415 2280 diem
425 2226 509 2281 lacera
517 2243 635 2296 corpora,
650 2226 736 2280 trunci
747 2234 831 2291 artus,
841 2234 934 2296 putres

136 2302 256 2357 virorum
266 2318 451 2372 equorumque
462 2301 569 2364 formae,
580 2299 674 2354 inlecta
685 2300 746 2355 tabo
754 2299 935 2372 humus‚pro-

137 2377 207 2429 tritis
220 2375 359 2431 arboribus
371 2393 403 2430 ac
414 2375 539 2447 frugibus
552 2373 610 2428 dira
621 2377 738 2429 vastitas.
778 2375 833 2430 Nec
842 2377 933 2430 minus

137 2450 283 2504 inhumana
292 2467 356 2521 pars
364 2448 717 2520 viae‚quamCremonenses
728 2449 802 2505 lauro
811 2451 934 2522 rosisque

124 2531 339 2592 consueverant,
355 2526 504 2581 exstructis
518 2523 651 2579 altaribus
662 2525 942 2592 caesisque*detumet⁴

71 2597 224 2752 Ἰν]
239 2601 269 2657 iu
285 2620 415 2661 morem:
435 2619 523 2679 quae,
537 2600 613 2658 laeta
623 2601 960 2670 inpraesensmexpex-
