1950 3016
74 177 108 232 ³2
312 180 635 252 nrs'roarnttuu
734 169 825 244 (ΜΗ

74 282 211 354 utrimque
230 282 433 353 oonruptorihus
452 289 479 337 et
498 280 607 354 pertidia
629 281 762 352 inpunita.
800 279 825 335 V

75 375 158 422 arma,
169 356 288 428 equi,ad
298 374 380 412 usum
390 365 415 412 et
424 357 457 412 ad
465 357 547 412 decus
556 363 720 428 supererant.
751 353 825 409 Seda

76 431 177 486 bellum
195 433 328 487 centurias
349 440 450 487 tantum
470 449 534 486 suas
552 441 708 502 turmasque
729 446 825 485 novera

76 507 207 561 exercitus
217 506 317 561 finibus
327 507 524 577 provinciarum
535 505 761 559 discernebantur.
801 504 823 558 Τ

76 580 347 636 adversusVindioem
357 588 500 635 eontractae
511 579 637 652 legiones,
647 596 730 650 seque
739 578 825 634 etGai

76 663 207 726 expertae,
224 671 351 726 quaerere
364 671 459 708 rursus
473 671 545 707 arma
561 670 698 724 novasque
710 653 825 709 discordi

76 748 124 785 nee
132 735 223 790 socios,
235 729 346 793 utolim,
357 728 405 783 sed
414 732 504 791 bootes,
518 736 542 781 et
550 733 631 782 victos
640 728 778 782 vocabant.
819 729 825 782 l

75 805 165 860 deerat
178 821 240 875 pars
254 803 412 867 Galliarum,
432 819 501 874 quae
509 802 634 856 Rhenum
644 802 745 867 accolit,
765 802 825 857 oasd

76 888 164 950 partes
182 885 281 938 secuta,
301 894 332 931 ae
350 885 408 932 tum
427 878 554 931 acerrima
574 877 724 949 instigatrix
743 876 825 931 adver

79 955 233 1008 Galbianos:
254 951 303 1006 hoo
312 952 384 1006 enim
396 968 501 1015 nomen,
513 950 627 1005 fastidito
636 951 756 1014 Vindice,
768 953 825 1006 indi

76 1034 143 1079 rant.
183 1026 265 1097 lgitur
288 1025 425 1096 Sequanis·
443 1025 597 1097 Aeduisque
616 1042 646 1079 ac
664 1025 773 1090 deinde,
794 1042 825 1097 pr

75 1098 209 1171 opulentia
219 1099 371 1154 civitatibus
381 1108 444 1166 erat,
455 1099 563 1165 infensi,
577 1101 790 1172 expugnationes
797 1118 825 1155 ur

75 1191 132 1237 um,
144 1173 326 1245 populationes
336 1183 568 1247 agrorum,raptus
577 1175 713 1245 penatium
725 1174 825 1229 hausen

75 1250 179 1302 animo:
200 1265 280 1318 super
290 1249 427 1303 avaritiam
438 1257 464 1303 et
473 1249 663 1321 adrogantiam,
674 1250 816 1320 praecipua

76 1323 201 1377 lidiorum
217 1324 289 1388 vitia,
305 1324 469 1378 contumacia
484 1322 621 1378 Gallorum
636 1324 744 1387 inritati,
758 1324 818 1395 qni,

74 1403 179 1452 otiosam
189 1401 239 1452 sibi
251 1416 269 1452 o
282 1398 365 1452 Galba
375 1408 496 1468 quartam
506 1403 660 1453 tributorem
667 1407 777 1465 portem,
789 1408 814 1452 et
820 1422 825 1467 l

76 1477 141 1527 blica
149 1477 265 1535 donatos,
276 1473 305 1526 in
315 1474 488 1547 ignominiam
500 1473 631 1526 exercitus
641 1472 781 1526 iactabant.
820 1515 825 1526 .

76 1548 155 1602 cessit
168 1546 262 1601 callide
272 1547 421 1620 vulgatum,
433 1556 530 1602 temere
539 1547 679 1610 creditum,
690 1551 825 1602 decumani

74 1627 169 1690 pianes,
184 1631 208 1673 at
218 1626 436 1688 promptissimum
446 1638 569 1689 quemquo
582 1625 758 1674 centurionum
767 1625 825 1675 dimi

75 1694 200 1765 Undique
209 1701 308 1748 atrones
318 1697 415 1760 nuntii,
427 1696 535 1749 sinistra
546 1711 579 1748 ex
589 1695 655 1749 urbe
666 1694 748 1761 lama,
768 1694 825 1750 infe}

75 1769 265 1841 Lugdunensis
279 1769 389 1833 colonia,
406 1777 438 1831 et,
453 1770 580 1839 pertinaci
591 1787 638 1840 pro
648 1771 750 1824 Nerone
760 1770 821 1834 lide,

75 1843 161 1897 cunda
173 1842 335 1898 rumoribus.
368 1843 419 1898 Sed
429 1844 544 1914 plurima
554 1844 587 1898 ad
598 1845 752 1916 lingendum
763 1844 825 1899 cred

75 1918 195 1987 dumque
211 1919 333 1971 materies
347 1918 375 1972 in
387 1919 455 1990 ipsis
468 1919 570 1984 eastris,
592 1919 662 1983 odie,
683 1928 765 1984 metu,
777 1927 825 1984 et,

77 1993 146 2046 vires
156 2008 219 2045 suas
230 2001 407 2062 respexerant,
419 1994 567 2048 securitate.

129 2069 171 2120 bt.
192 2064 248 2119 Sub
258 2066 331 2137 ipsas
344 2069 489 2138 superioris
502 2069 564 2122 anni
577 2067 635 2121 Kal.
648 2067 825 2122 Decembresl

75 2141 119 2196 lus
129 2139 261 2204 Vitellius,
274 2141 424 2198 inferiorem
435 2143 605 2197 Germaniam
619 2145 766 2215 ingressus,
782 2143 825 2198 hil

75 2234 108 2269 na
122 2215 256 2288 legionum
272 2234 333 2271 oum
348 2235 410 2271 cura
420 2217 528 2272 adierat.
567 2218 670 2271 licdditi
685 2217 819 2290 plerisque

75 2289 161 2353 dines,
174 2290 285 2344 remissa
300 2292 456 2364 ignominia,
471 2291 604 2346 adlevatae
616 2301 705 2347 notae:
726 2292 825 2363 pluras

74 2365 182 2424 bitione
194 2365 326 2435 quaedam
337 2367 448 2422 iudicio:
464 2369 492 2421 in
502 2367 604 2438 quibus
614 2367 718 2421 sordem
730 2375 755 2420 et
764 2385 825 2421 avar

75 2455 117 2491 am
130 2438 535 2512 FonteiiCapitonis,adimeudis
546 2440 752 2513 adsignandisve
762 2442 825 2496 milit

74 2512 223 2581 ordinibus,
245 2515 346 2588 integre
366 2523 521 2570 mutaverat.
561 2516 615 2569 Neo
628 2516 776 2571 consularis
793 2517 825 2590 lep

74 2603 208 2648 mensura,
221 2590 306 2645 sedin
316 2592 404 2645 maius
413 2590 502 2645 omnia
513 2590 717 2660 accipiebantur.
746 2591 780 2644 Et
790 2591 822 2646 Vi

74 2658 128 2714 lius
143 2661 214 2732 apud
228 2679 333 2722 severos
348 2663 469 2719 humilis.
509 2664 538 2720 Id
556 2666 704 2721 comitatem
714 2666 825 2722 bonitate
