1950 3016
91 98 221 175 neu.)
297 110 378 158 nin.
398 110 448 159 ιν.
469 112 560 159 cna.
580 112 624 159 ee.
644 114 688 161 so.
844 110 894 164 tto

90 214 224 268 mterii
236 213 349 275 minis,
370 215 407 266 cd
418 221 531 281 utruque
542 210 633 268 num
642 217 768 284 comesse.
805 212 895 271 Adsu-

92 294 209 341 muntur
221 301 237 339 e
250 286 355 340 civitate
369 285 536 342 clarissimus
549 289 677 361 quisque,
689 289 769 344 statii
780 306 828 361 per
836 306 895 344 am·

91 361 235 416 bitionem.
275 359 362 415 Simul
376 362 543 417 Domitianus
561 364 757 436 Mucianusque
774 366 896 438 accinge-

92 436 204 501 bantur,
225 434 325 506 dispari
340 438 444 492 animo:
465 437 510 492 iiie
529 455 577 509 spe
589 454 620 493 ao
633 439 742 494 iuventa
755 455 893 510 properus,

92 511 141 567 iric
150 528 239 566 moras
249 518 366 577 nectens,
377 513 442 584 quis
451 511 605 585 flagrantem
615 515 747 578 retineret,
759 530 792 567 ne
801 512 895 568 ferocia

93 586 192 642 aetatis
205 594 230 639 et
241 587 331 656 pravis
344 587 539 657 inpulsoribus,
551 589 575 642 si
586 589 731 642 exercitum
743 589 893 653 invasisset,

93 662 156 735 paci
165 659 290 732 belloque
299 660 369 715 male
377 661 534 718 consuleret.
572 663 702 736 Legiones
711 664 842 724 victrices,
854 679 897 717 se-

93 744 141 793 xta
154 744 182 790 et
193 744 294 800 ocum,
315 735 517 792 Vitellianarum
531 739 750 803 unaetvicesima,
770 754 787 791 e
804 754 896 791 recens

92 811 254 882 conscriptis
272 811 402 876 secunda,
423 812 550 866 Penninis
568 812 751 885 Cottianisque
769 810 893 882 Alpibus,

93 902 159 961 pars
169 894 259 941 monte
267 885 357 951 Graio,
369 884 557 942 traducuntur:
578 887 893 961 XiviegtoeBritannia,

94 968 170 1017 nexta
184 978 216 1015 ao
229 960 331 1015 decima
344 977 378 1015 ex
387 961 514 1033 Hispania
524 963 630 1018 accitae.
670 964 753 1036 Igitur
764 964 894 1017 venientis

94 1036 229 1091 exercitus
239 1033 319 1101 fama,
335 1044 361 1090 et
370 1044 464 1108 suopte
473 1038 588 1109 ingenio,
602 1037 637 1091 ad
648 1039 753 1092 mitiora
762 1037 895 1092 inclinan-

94 1120 136 1167 tes
149 1108 298 1166 cottiarum
312 1111 441 1176 civitates,
457 1113 485 1165 in
496 1113 593 1166 Remos
602 1128 757 1166 convenere.
797 1113 895 1165 Treve-

93 1202 188 1243 rorum
205 1184 300 1257 legatio
314 1185 371 1240 iilic
384 1186 578 1257 opperiebatur,
600 1187 728 1239 acerrimo
741 1185 896 1239 instinctore

93 1258 160 1317 beili
178 1259 268 1314 Tullio
285 1259 432 1316 Valentino.
474 1260 499 1314 is
518 1259 641 1314 meditata
659 1261 775 1313 oratione
788 1267 893 1323 cuncta,

93 1336 203 1467 isidi
213 1334 565 1481 iiiiiioeiiiiiii
576 1332 896 1462 ttitt‘ttttttit·

94 1484 203 1540 scandis
220 1481 407 1551 seditionibus,
427 1492 452 1539 et
471 1484 609 1556 plerisque
626 1489 718 1556 gratus
731 1481 838 1539 vecordi
855 1480 896 1535 ia·

94 1558 204 1615 madia.

150 1636 194 1689 tt.
214 1631 249 1688 tit
258 1632 468 1705 iuliusriuspsx,
479 1632 667 1704 eprirnoribus
676 1633 830 1697 lismonam,
841 1637 894 1687 um

94 1709 239 1765 ummo
250 1713 375 1777 poetsqm
389 1711 455 1763 bono
468 1708 623 1773 dissertans,
637 1714 664 1762 et
676 1712 744 1763 sami
753 1710 846 1762 betium
855 1717 895 1762 et-

94 1786 490 1853 iemottyaoos's,streaotsetmt
499 1786 747 1852 catuspuepen'cuto
755 1788 895 1852 portiom·

96 1874 149 1926 pue
159 1873 236 1925 super
249 1867 327 1927 capnt
338 1860 455 1927 teptooea,
466 1858 694 1928 sapientissimum
707 1873 843 1929 quemque
853 1873 895 1910 rs-

95 1932 215 1988 verentia
229 1932 345 2005 fideque,
361 1933 479 1987 iuniores
492 1932 610 2004 periculo
619 1948 649 1986 ac
659 1940 742 1991 metu,
753 1931 892 1985 continuit.

93 2006 130 2061 Et
143 2004 276 2062 Veientini
294 2008 416 2062 animum
436 2007 586 2071 laudabant,
607 2006 749 2061 consilium
767 2002 893 2073 Auspicis

94 2081 285 2154 sequebantur.
314 2082 429 2147 Constat,
441 2082 575 2138 obstitisse
584 2077 895 2150 TreverisLingonibus-

94 2172 150 2230 que
163 2156 235 2228 apud
245 2156 355 2223 Gallias,
366 2156 448 2227 qnod,
462 2156 582 2212 Vindicis
596 2163 680 2217 metu,
696 2170 759 2207 cum
768 2152 895 2223 Verginio

94 2239 231 2287 steteram.
270 2232 400 2286 Deterruit
413 2230 555 2302 plerosque
567 2228 766 2301 provinciarum
776 2224 895 2281 aemuia-

92 2308 145 2362 tio:
167 2310 236 2376 quod
254 2308 319 2361 betto
337 2302 434 2374 ceput?
452 2309 520 2359 uode
533 2310 576 2358 tus
588 2306 784 2371 eumdemque
794 2309 896 2368 patare-

93 2378 160 2436 tur?
178 2398 265 2451 qoam,
275 2386 300 2435 st
310 2389 405 2435 wacta
412 2383 596 2447 praemineant,
610 2380 695 2430 aedem
706 2380 815 2444 imperto
827 2378 896 2443 tepe-

92 2453 174 2511 rettt?
192 2454 315 2509 Nondum
330 2455 450 2520 victoria,
466 2454 522 2508 iam
536 2451 673 2508 discordia
683 2456 759 2506 erat:
776 2448 909 2503 dixsim-

82 2529 155 2588 dere,
171 2527 338 2595 quibusdam
352 2546 422 2603 opes
432 2530 580 2605 viresque,
594 2532 833 2586 autumnitatem
841 2518 935 2588 uixdu-

65 2597 122 2657 m's
139 2610 198 2665 μ’
213 2599 307 2675 iurgia
328 2606 519 2667 ineuntibus.
564 2601 960 2668 andstandandans
