1950 3016
138 174 186 229 328
372 178 423 225 DE
442 177 693 227 ona'rortuttta

137 281 176 339 do
190 297 243 337 non
256 281 345 336 ababa
358 280 436 336 modo
449 297 590 352 aurasque,
611 277 659 335 sed
672 277 845 335 renaieeionea
852 279 930 337 etiam

136 357 268 428 lususque
281 373 436 428 puerorum,
453 357 590 411 sanctitate
602 354 719 426 quadam
732 355 930 411 aevereeundia

136 431 308 502 temperabat.
332 430 378 487 Sio
386 431 534 487 Corneliam
545 430 734 496 (iraoeborum¹
745 429 787 485 aio
794 429 930 486 Aureliam

136 506 267 571 Caesaris,
281 506 322 561 aie
334 506 421 561 Atiam
434 507 549 580 Augusti
559 514 668 561 matram
679 503 828 576 praefuisse
835 506 930 561 eduea-

136 582 256 641 tionibus
273 599 305 637 ae
323 581 481 652 produxisse
499 581 632 652 principes
650 579 749 637 liberos
767 581 927 652 aeceplmus.

137 657 211 725 Quae
219 655 360 728 disciplina
369 674 401 712 ae
407 656 534 712 severitas
544 672 575 711 eo
584 656 739 728 pertinebat,
754 663 786 711 ut
792 658 930 720 siueeraet

135 733 238 807 integra
256 741 283 789 et
300 731 384 789 nullis
402 731 577 804 pravitatibus
597 731 697 787 deoru
715 732 930 805 uniuscuiusque

136 817 231 865 natura
245 815 298 865 toto
309 810 398 863 subm
411 817 515 879 pectore
527 806 658 878 adriperet
670 814 739 863 artes
749 807 883 873 honestas,
893 817 927 874 et.

135 884 194 940 sive
203 883 237 938 ad
247 900 303 938 rem
314 882 465 948 militarem,
480 883 538 938 eive
547 881 581 937 ad
590 882 816 947 iarioseientiam,
830 883 887 939 rire
896 883 929 938 ad

135 958 302 1030 eloquentiae
319 957 440 1013 studium
458 956 620 1022 inclinasset,
640 957 669 1013 id
682 956 772 1013 solum
783 966 882 1032 ageret,
901 958 929 1015 id

135 1035 292 1089 universum
302 1032 428 1087 hauriret.

189 1110 232 1165 29.
252 1107 287 1163 tr
299 1124 373 1163 nunu
386 1115 465 1163 natus
477 1105 566 1163 inians
579 1105 714 1180 delegatam
726 1105 872 1165 Graeculae
880 1108 929 1164 ali-

135 1183 181 1241 eui
190 1182 310 1249 ancillae,
325 1183 371 1238 eui
383 1182 537 1256 adiungitur
550 1199 622 1237 unus
631 1190 678 1237 aut
685 1180 751 1239 alter
759 1200 794 1239 ex
802 1185 927 1241 omnibus

134 1260 220 1317 eorvis
227 1257 387 1330 plerumque
396 1257 555 1322 vilissimus,
569 1274 619 1313 nee
629 1258 757 1330 cuiquam
768 1260 839 1317 serio
848 1260 928 1317 mini-

134 1335 214 1391 sterio
228 1333 451 1391 adoommodatus.
490 1333 590 1389 Horum
603 1331 703 1389 fabulis
712 1340 737 1389 et
746 1335 883 1391 erroribus
891 1344 928 1391 te·

135 1411 192 1467 neri
206 1410 295 1466 eadm
309 1418 334 1464 at
347 1409 428 1465 rudes
439 1408 524 1464 animi
537 1408 700 1465 inbuuntur:
721 1426 771 1465 uso
781 1411 927 1482 quisquam

133 1486 163 1542 iu
178 1494 228 1541 tota
243 1485 322 1541 domo
335 1485 411 1556 pansi
428 1483 515 1548 habet,
534 1483 601 1554 quid
613 1501 702 1539 eoram
711 1483 812 1541 infante
821 1485 927 1545 domino

133 1569 181 1616 aut
191 1560 262 1616 dieat
275 1567 321 1617 aut
334 1559 423 1615 faeiat:
444 1559 513 1631 quin
526 1559 604 1613 etiam
614 1559 668 1630 ipsi
678 1568 800 1631 parentes
810 1578 859 1617 nee
868 1579 927 1633 pro·

133 1636 208 1693 bitati
222 1651 310 1707 neque
322 1634 464 1689 modestiae
477 1632 602 1705 parvulos
615 1632 808 1699 adsuefaciunt,
829 1637 878 1693 aad
891 1636 928 1693 ts

133 1709 416 1777 seiriaeetdieaoitati3
435 1726 482 1781 per
492 1726 560 1780 quae
569 1708 709 1780 paullatim
719 1709 928 1782 inpudentiain·

133 1785 202 1856 repit
211 1792 236 1839 et
245 1785 288 1840 sui
298 1784 432 1856 alienique
441 1793 615 1855 oontemptus.
649 1784 928 1858 lamveropropriaet

132 1858 276 1932 peculiaria
286 1858 368 1915 buius
379 1859 453 1915 urbis
460 1860 523 1915 vitia
533 1876 616 1930 paene
626 1861 655 1915 in
663 1863 928 1921 uteroruatriseonei·

131 1935 162 2007 pi
184 1933 253 1989 mihi
271 1933 409 2000 videntur,
433 1933 597 1991 histrionalis
615 1933 688 1991 lavor
707 1943 732 1991 et
749 1935 927 2009 gladiatorum

134 2026 319 2083 equorumque
326 2009 429 2067 studia:
439 2010 540 2082 quibus
549 2017 724 2081 oocupatuset
732 2011 861 2068 obsessus
869 2013 928 2069 aui·

133 2104 195 2143 mus
209 2084 370 2157 quantulum
384 2083 434 2140 loei
446 2085 524 2141 bonis
538 2086 640 2142 artibus
651 2083 795 2157 relinquit?
812 2098 926 2160 quotum

132 2176 268 2233 quemque
285 2161 429 2225 inveneris,
448 2161 496 2231 qui
509 2160 581 2216 domi
591 2159 737 2232 quidquam
751 2160 824 2217 eliud
835 2162 926 2236 torqua-

133 2235 194 2291 tur‘l
203 2252 271 2307 quoa
281 2234 346 2291 alios
355 2234 609 2292 adolescentulorum
619 2252 754 2292 sermones
764 2239 924 2309 exemimus,

133 2310 272 2382 siquando
286 2311 415 2367 auditoria
429 2309 606 2366 intravimus?
623 2311 663 2367 Na
676 2321 856 2384 praeeeptores
865 2315 925 2386 qui·

133 2385 195 2440 dem
209 2385 278 2440 ullas
291 2385 435 2441 crebriores
449 2404 511 2442 cum
522 2385 687 2443 auditoribus
697 2390 755 2445 auis
764 2387 870 2445 fabulas
879 2389 925 2447 ba·

132 2461 208 2516 bent:
229 2459 367 2533 oonligunt
379 2462 450 2517 enim
464 2459 619 2534 discipulos,
633 2479 686 2519 non
699 2466 836 2521 severitate
845 2466 924 2523 dimi·

120 2535 279 2610 plinaenee
287 2536 389 2614 ingenii
399 2537 588 2610 experimento,
598 2536 646 2592 sed
654 2538 797 2595 ambitione
806 2541 924 2597 salutati·

113 2629 202 2672 onum
213 2624 241 2672 et
250 2615 403 2677 inleoehris
413 2614 590 2674 adulatiorirs.
608 2612 927 2680 transmutemur-mu

102 2687 178 2750 tium
199 2692 359 2770 elementa,
379 2698 413 2759 in
428 2695 544 2774 quibus
556 2701 585 2749 et
593 2688 668 2763 iqua
678 2681 953 2758 quumetmmmm
