1950 3016
127 203 176 256 3l0
359 208 410 255 DE
429 204 688 256 oenomaus

126 309 229 373 linium,
244 307 292 363 sed
303 307 445 364 clamorem
456 325 556 383 vagum
571 317 597 365 et
605 326 683 366 voees
692 309 786 364 inanes
796 313 822 362 et
834 305 930 382 gaudi-

126 400 174 439 unr
188 383 305 439 valuere.
345 384 528 439 Laudavimus
541 402 637 457 nuper,
648 385 784 440 utmiram
797 391 824 438 et
833 383 931 437 exirui-

126 475 180 523 am,
192 459 349 530 Vespasiani
360 459 552 525 liberalitatem,
569 460 642 532 quod
652 461 799 533 quingenta
809 460 930 513 amtertia

125 533 207 589 Basso
226 534 359 588 donasset.
398 533 525 589 Pulcrum
546 534 574 589 id
592 535 714 607 quidem,
733 533 930 608 indulgentiam

126 608 257 680 principis
275 609 383 682 ingenio
403 611 512 664 mereri:
542 619 643 682 quanto
658 619 745 664 tamen
760 608 895 681 pulcrius,
907 607 930 662 si

126 685 161 738 ita
172 701 216 738 rea
226 682 365 738 familiaria
374 684 471 757 exigat,
483 702 512 738 se
522 685 613 755 ipsum
625 684 808 749 colere,suum
818 684 930 757 genium

126 761 278 830 propitiare,
299 776 377 813 suam
387 759 501 830 experiri
514 759 716 814 liberalitatem?
744 759 846 823 Adiiee,
857 754 931 831 quod

126 836 220 904 puelia,
233 835 256 887 ai
268 833 345 888 modo
354 833 467 907 dignum
478 833 581 906 aliquid
591 835 726 890 elaborare
735 843 760 889 et
770 833 876 888 allicere
885 850 931 887 ve-

126 907 186 974 lint,
208 908 383 980 relinquenda
397 909 561 964 eonversatio
575 911 722 965 amicorum
737 917 763 964 et
776 909 930 963 iucunditas

126 984 213 1048 urhis,
233 983 377 1037 deserenda
392 992 492 1037 caetera
501 983 599 1049 oftioia,
620 993 705 1057 utque
713 983 768 1056 ipsi
777 984 881 1049 dicunt,
903 988 931 1038 ln

127 1074 233 1112 nemore
243 1067 267 1111 at
277 1061 357 1120 lueoa,
368 1057 397 1111 id
405 1066 446 1111 est
454 1059 482 1111 in
495 1058 676 1124 solitudinem,
688 1059 868 1113 seoedendum
880 1066 929 1112 est.

183 1135 224 1187 tt.
245 1132 284 1186 Ne
296 1133 504 1204 opinioquidem
515 1134 630 1199 etfama,
646 1135 690 1188 oui
701 1133 750 1188 soli
761 1135 894 1198 serviunt,
906 1139 932 1188 et

126 1207 199 1279 quod
219 1224 305 1262 unum
325 1224 384 1262 esse
398 1210 513 1279 pretium
528 1210 616 1263 omnis
630 1210 674 1263 sui
690 1208 788 1264 laboris
805 1208 928 1273 latentur,

127 1296 212 1354 aequa
222 1291 312 1354 poetam
321 1298 402 1356 quam
414 1292 529 1339 oratores
541 1286 672 1356 sequitur,
687 1285 817 1356 quioniam
829 1284 931 1338 medio·

127 1372 185 1412 eres
199 1366 289 1429 poetas
309 1376 387 1414 nemo
401 1360 484 1423 novit,
505 1358 588 1414 bonos
602 1360 690 1430 pauoi.
731 1353 844 1425 Quando
857 1361 930 1413 euim

127 1434 327 1488 rarissimarum
337 1435 519 1489 recitationum
530 1432 601 1488 fama
611 1435 640 1488 in
650 1440 731 1489 totam
742 1434 839 1489 urbem
848 1446 930 1506 pene·

127 1506 195 1562 trull
213 1509 313 1562 nedum
328 1510 785 1580 otpertotprovinoiasinnoteeoat.
827 1509 930 1575 Quotus

127 1584 254 1654 quisque,
271 1600 333 1637 oum
343 1596 376 1638 ex
387 1584 524 1654 Hispania,
536 1583 578 1639 vel
589 1584 663 1650 Asia,
679 1600 713 1639 ne
723 1582 791 1656 quid
801 1583 835 1639 de
845 1584 929 1640 Gallis

127 1659 224 1711 uostris
235 1657 338 1729 loquar,
350 1659 378 1712 in
389 1659 483 1712 urbem
496 1660 579 1723 venit,
590 1657 707 1714 Saleium
714 1654 828 1714 Bassum
838 1661 931 1732 requi-

126 1729 180 1784 rit?
198 1730 286 1802 Atque
296 1733 360 1786 adeo
370 1734 394 1786 ai
404 1733 468 1805 quis
477 1733 600 1804 requirit,
612 1742 642 1788 ut
652 1729 734 1788 semel
746 1733 823 1800 nuit,
836 1735 932 1789 transit

127 1812 153 1859 et
167 1813 305 1860 eontantua
318 1815 372 1875 est3
394 1815 424 1861 ut
440 1809 463 1861 si
479 1809 610 1878 picturam
625 1808 745 1881 aliquam
756 1808 798 1864 vul
814 1817 930 1865 statuam

126 1879 247 1934 vidisset.
288 1880 381 1952 Neque
391 1881 465 1936 hiano
474 1898 565 1936 meum
576 1899 726 1938 sermonem
737 1885 777 1938 aio
786 1886 873 1956 aooipi
884 1900 932 1940 vo-

127 1953 162 2020 lo,
176 1963 312 2027 tamquam
324 1973 378 2021 eos,
389 1957 491 2028 quibus
502 1966 595 2011 natura
606 1975 656 2012 sua
667 1960 813 2014 oratorium
825 1960 932 2033 iugeni-

127 2042 173 2084 um
186 2030 336 2104 denegavit,
347 2031 492 2086 deterream
502 2048 517 2085 a
528 2033 703 2098 carminibus,
716 2034 741 2088 sl
754 2034 871 2089 modain
883 2035 933 2091 beo

127 2105 276 2160 studiorum
297 2114 371 2177 parte
387 2106 517 2161 oblectare
535 2108 631 2173 otium,
653 2116 678 2162 at
697 2125 795 2164 nomen
813 2109 932 2164 inserere

125 2189 239 2253 possum
252 2179 352 2236 lamae:
373 2198 422 2254 ego
436 2198 499 2237 vero
512 2198 620 2237 omnem
633 2182 812 2255 eloquentiam·
823 2202 932 2240 omnes-

126 2272 180 2328 que
194 2257 253 2310 eius
267 2263 355 2328 partes
369 2272 458 2310 sacrae
472 2264 498 2311 at
507 2257 671 2312 venerabiles
681 2267 759 2329 puto:
781 2274 831 2314 neo
841 2259 930 2316 solum

126 2331 287 2386 cothurnum
298 2337 428 2396 vestrum,
449 2340 496 2385 aut
504 2331 603 2386 heroioi
613 2333 742 2388 carminis
751 2350 861 2400 sonum,
883 2335 931 2390 sed

127 2405 272 2478 lyricorum
287 2423 396 2478 quoque
408 2406 601 2461 iucunditatem
616 2416 641 2461 at
655 2407 791 2481 elegorum
806 2409 930 2465 lascivias

126 2489 151 2534 et
162 2482 312 2536 iamborum
323 2481 528 2536 amaritudinem
543 2490 569 2535 et
580 2483 806 2555 epigrammatum
817 2485 897 2540 lusua
903 2491 931 2554 et

116 2573 326 2634 quamcumque
340 2555 423 2615 aliam
437 2557 555 2632 speeiem
568 2556 718 2629 eloquentia
729 2557 834 2625 lrabeat,
857 2569 931 2614 anta-

98 2634 266 2700 poneudam
284 2638 386 2696 ueteris
400 2635 524 2695 aliarum
537 2634 640 2690 anirum
650 2631 753 2687 studiis
762 2632 854 2683 mado„
883 2633 941 2683 issi.

91 2712 192 2767 levum
201 2715 293 2788 mihi,
304 2718 456 2786 Materne,
465 2733 514 2773 rea
525 2719 581 2779 est,
595 2700 961 2783 wellammffifflffi
