1950 3016
69 198 192 273 nero.)
292 206 359 254 utu.
379 208 398 255 r.
419 208 498 255 cnr.
519 207 639 255 re-sa.
832 204 864 256 ee

68 309 195 383 precibus
214 307 291 363 ducis
306 309 430 383 mitigati,
449 309 483 364 ab
495 309 599 365 excidio
612 310 725 365 civitatis
734 319 865 381 tempera-

69 402 141 440 vere.
181 382 263 438 Caesa
274 384 623 456 tamenadquatuormillia
637 384 786 440 hominum.
827 387 866 439 ls-

13 500 16 509 .
69 478 124 534 que
132 468 215 514 terror
226 458 327 514 Gallias
337 460 443 523 invasit,
456 469 485 514 ut
496 461 610 514 venienti
621 477 683 515 mox
693 463 792 533 agmini
803 461 866 515 uni-

14 604 17 609 ·
69 552 161 591 versae
170 535 291 588 civitates
301 551 363 588 cum
373 536 570 608 magistratibus
580 544 605 589 et
615 535 866 606 precilmsoccurre-

70 619 136 673 rent,
151 611 243 663 stratis
260 627 307 680 per
317 610 374 665 vias
388 609 494 664 feminis
504 613 663 681 puerisque;
683 626 805 682 qtraeque
815 610 865 664 alia

69 685 234 758 placamenta
250 684 356 742 hostilis
368 687 432 750 irae,
446 703 499 740 non
509 685 618 757 quidem
629 686 658 740 iu
669 681 747 748 bello,
759 687 805 740 sed
819 703 866 756 pro

70 778 142 833 pace,
154 759 340 814 tendebantur.

124 838 168 889 di.
189 835 322 889 Nuntium
340 833 374 889 de
386 834 465 889 caede
478 834 577 889 Galbae
592 843 617 889 et
630 835 743 906 imperio
755 834 866 889 Othonis

71 911 171 966 Fabius
181 908 280 964 Valens
295 911 435 965 incivitate
446 910 591 964 Leucorum
603 912 711 980 autcepit.
752 911 805 964 Nec
816 913 868 964 nri-

16 1020 19 1025 ·
72 985 148 1041 litum
164 987 273 1039 animus
288 986 457 1058 ingaudium
471 994 516 1040 aut
531 983 697 1040 formidinem
714 997 864 1056 permotus:

72 1060 174 1116 bellum
186 1059 316 1115 volvebat.
340 1059 424 1115 Gallie
433 1062 562 1117 cunctatio
571 1070 701 1131 exempta,
713 1069 738 1114 et
747 1061 867 1115 inOtlio·

73 1154 134 1191 nem
156 1153 188 1190 ae
210 1135 343 1190 Vitellium
362 1136 454 1190 odium
473 1154 529 1206 par,
551 1154 583 1190 ex
601 1135 706 1190 Vitellio
725 1145 750 1190 et
769 1146 864 1190 metus.

72 1212 197 1268 Proxima
213 1210 362 1284 Lingonum
376 1211 469 1265 civitas
482 1218 544 1275 erat,
559 1211 610 1266 fida
621 1211 750 1281 partibus.
789 1211 868 1264 Reni-

106 1305 123 1342 a
140 1287 256 1356 excepti,
277 1285 403 1340 modestia
421 1294 564 1354 certavere,
595 1286 641 1340 sed
662 1286 751 1340 brevis
770 1284 866 1339 laetitia

72 1304 133 1430 iiiii,
142 1361 293 1416 cohortium
307 1361 469 1431 intemperie,
477 1378 554 1432 quas,
566 1378 579 1414 a
591 1360 692 1433 legione
702 1361 868 1431 quartadeci-

73 1456 123 1501 ma,
140 1444 172 1492 ut
185 1452 267 1506 supra
283 1436 498 1499 memoravimus,
513 1435 660 1508 digressas,
677 1435 802 1489 exercitui
819 1452 868 1488 suo

73 1514 173 1568 Fabius
182 1510 281 1565 Valens
291 1510 454 1565 adiunxerat.
488 1511 574 1582 Iurgia
586 1511 717 1581 primum:
740 1511 867 1563 moxrixa

74 1589 140 1643 iuter
159 1587 272 1640 batavos
291 1594 316 1639 et
334 1584 499 1658 legionarios,
519 1585 584 1639 dum
600 1585 643 1638 bis
657 1592 702 1638 aut
714 1582 769 1637 illis
780 1584 867 1637 studia

73 1663 190 1717 militum
205 1661 391 1734 adgregantur,
408 1676 488 1730 prope
500 1660 527 1713 in
542 1659 670 1730 proelium
682 1676 817 1725 exarsere,
840 1660 867 1713 ni

73 1738 169 1793 llalens
183 1735 411 1791 animadversione
426 1752 570 1805 paucorum
585 1734 679 1790 oblitos
694 1734 747 1789 iam
758 1735 867 1789 batavos

73 1813 178 1885 imperii
189 1811 379 1867 admonuisset.
413 1811 520 1864 Frustra
533 1810 660 1864 adversus
670 1809 774 1864 Aeduos
784 1828 868 1881 quiae-

72 1890 119 1944 sita
131 1887 197 1943 belli
207 1903 310 1941 caussa.
350 1886 419 1940 Iussi
432 1886 571 1956 pecuniam
584 1894 662 1957 atque
672 1903 742 1939 arma
753 1884 865 1949 deferre,

117 1965 201 2019 tuitus
219 1962 330 2032 insuper
343 1969 504 2015 commeatus
519 1961 676 2032 praebuere:
697 1961 767 2032 quod
781 1960 866 2015 Aedui

81 2038 223 2101 ormidine,
234 2036 426 2110 Lugdunenses
436 2036 534 2109 gaudio
545 2034 635 2090 iecere.
674 2034 725 2089 Sed
739 2034 807 2109 legio
819 2037 868 2088 lta-

72 2114 121 2170 lica
136 2120 162 2167 et
176 2111 218 2167 ala
228 2111 343 2166 Taurina
353 2110 488 2166 abductae.
529 2109 666 2165 Cohortem
685 2110 867 2165 duodevicesi-

73 2207 144 2245 mam
158 2186 296 2260 Lugduni,
317 2185 401 2240 solitis
414 2186 466 2240 sibi
481 2186 610 2250 hibernis,
632 2185 745 2257 relinqui
757 2184 866 2255 placuit.

73 2264 189 2320 Manlius
204 2261 311 2326 Valens,
328 2260 430 2334 legatus
445 2260 548 2315 Italicae
564 2260 684 2333 legionis,
701 2276 866 2330 quamquam

72 2339 138 2395 bene
148 2338 182 2393 de
193 2337 314 2407 partibus
324 2338 443 2401 meritus,
459 2335 532 2391 nullo
541 2335 611 2406 apud
623 2335 757 2389 Vitellium
769 2334 867 2388 honore

73 2413 130 2470 tuit.
171 2411 284 2467 Secretis
295 2429 356 2467 eum
369 2411 598 2466 criminationibus
608 2409 779 2465 infamaverat
789 2409 868 2463 Fabi-

72 2508 114 2620 ἕο,
125 2489 263 2562 ignarum,
274 2494 309 2553 et,
320 2504 375 2559 quo
385 2486 513 2542 incautior
523 2486 697 2557 deciperetur,
711 2482 799 2556 palam
811 2484 867 2538 lau-

73 2573 172 2721 ·atgg:
192 2636 309 2693 Veterem
334 2641 408 2699 inter
432 2642 648 2724 Lugdunenses
665 2641 913 2721 Viennensesnpe

49 2705 386 2783 m'dfffflllffln'mum
399 2721 718 2785 bellumaceenderut.
755 2715 933 2779 tudinem-
