1950 3016
49 190 165 265 inin)
244 200 322 246 nis.
342 200 379 246 ιι
400 202 488 248 cae.
508 203 552 248 aa.
572 203 616 248 aa.
809 196 842 248 ta

49 300 186 357 nCelsum
197 318 251 355 nox
261 302 340 365 iuvit,
355 301 491 373 dispositis
502 305 556 357 iarn
566 305 696 369 excubiis,
708 320 843 375 oompres-

49 379 134 450 risque
146 374 290 441 militibus,
305 392 373 447 quos
385 379 491 432 Annius
501 377 596 432 Gallus
610 380 743 449 precibus,
755 380 844 434 oonsi-

49 453 84 518 io,
100 451 258 506 arrotoritate
270 449 387 517 flexerat,
408 470 440 506 ne
452 470 531 522 super
545 457 644 507 alodem
657 459 781 508 edomas
792 473 843 523 pu-

49 544 106 591 rnes
122 532 232 581 suisnwt
249 530 302 594 ipsi
322 531 441 582 ausdibus
454 534 592 583 saevirent.
631 528 692 582 Stoa
705 533 766 597 {tuis
779 532 843 582 bello

49 609 159 664 unisset,
180 619 226 655 seu
239 618 368 655 resumere
382 620 458 657 orma
471 607 586 666 mellent,
605 608 712 657 unicum
724 608 800 657 sistis
816 609 844 657 in

49 694 168 732 misensis
184 679 361 730 levamentum.
399 676 499 732 Ceteris
513 677 611 732 fractus
626 679 747 732 animus:
769 694 845 748 prae·

49 754 161 808 orionus
181 750 270 814 miles,
290 767 343 804 non
359 756 456 806 uirtute
468 770 504 816 ss,
522 758 567 807 sed
579 758 726 821 proditione
740 756 842 815 vietum,

49 826 180 882 iemebat.
221 825 261 879 Ns
286 826 430 881 Vitellianis
452 832 555 895 quidam
577 833 740 881 incruentum
765 831 845 896 [uisse

49 907 189 958 notoriam,
199 903 276 967 pulso
285 906 377 969 equite,
388 910 467 969 rupto
478 905 584 970 lepionis
593 906 698 971 aquilo:
714 919 845 971 superesse

49 996 100 1032 nrm
115 982 174 1044 ipso
188 974 286 1029 Otbone
300 978 488 1045 militumquod
498 985 572 1031 trans
582 978 680 1031 Padum
688 983 782 1045 tuterit:
800 994 844 1030 oa-

49 1059 99 1108 rirs
111 1052 242 1105 Moesicos
256 1053 382 1118 lepiones:
406 1068 527 1119 mapnam
540 1057 671 1106 ewereitrrs
682 1061 784 1120 portem
793 1052 844 1106 Bs-

49 1131 129 1183 leioot'
142 1129 313 1178 remansisse:
336 1128 381 1179 bos
397 1135 464 1179 certe
478 1131 591 1180 umidum
602 1132 697 1181 uictos:
718 1137 750 1189 et,
767 1132 793 1181 ai
806 1131 843 1180 lta

49 1208 130 1262 bret,
146 1203 278 1253 honestius
294 1205 323 1253 in
334 1205 392 1253 ucis
404 1206 542 1267 perituros.
582 1202 629 1254 llis
642 1201 845 1274 ocgitetionibus

49 1292 131 1331 nuces
141 1282 188 1329 aut
202 1274 302 1344 pavidi,
318 1284 434 1328 extreme
444 1276 627 1346 desperatione
637 1276 748 1329 adirem
758 1276 846 1344 saepi-

49 1369 84 1417 as,
96 1365 181 1422 quam
191 1349 220 1402 in
230 1347 410 1413 formidinem,
421 1351 636 1406 stimulabantur.

98 1502 142 1555 ts.
164 1499 198 1552 At
208 1496 368 1551 Vitellianus
377 1499 509 1552 exereitus
518 1497 552 1551 ad
561 1497 687 1568 quintum
698 1513 712 1549 a
722 1494 847 1550 bedriaoo

49 1575 161 1648 lapidem
175 1572 304 1635 oonsedit,
320 1589 372 1627 non
384 1574 459 1627 ausis
473 1573 588 1627 ducibus
603 1572 694 1626 eadem
707 1570 751 1626 die
760 1586 846 1642 oppu-

97 1651 197 1704 tionem
211 1656 372 1714 castrorum3
394 1647 475 1701 simul
487 1647 634 1703 voluntaria
648 1646 746 1702 deditio
755 1662 846 1718 spera-

77 1735 131 1779 tur.
171 1721 224 1776 Sed
240 1722 373 1792 expeditis
391 1730 417 1776 et
431 1730 533 1777 mutum
547 1723 582 1777 ad
590 1720 721 1794 proelium
731 1723 845 1795 egressis

49 1801 246 1855 munimentum
258 1795 332 1850 luere
341 1814 414 1850 arma
425 1805 451 1851 et
461 1798 578 1852 victoria.
600 1798 703 1852 Postera
713 1798 765 1859 (lie,
774 1797 845 1852 haud

49 1875 172 1946 imbigua
182 1871 327 1927 Othoniani
337 1873 469 1927 exercitus
479 1872 621 1937 voluntate,
630 1881 665 1936 et,
676 1874 725 1944 qui
737 1872 845 1928 lerooio-

49 1966 86 2005 res
97 1947 212 2011 fuerant,
223 1947 257 2001 ad
267 1948 455 2017 poenitentiam
466 1947 666 2011 inclinantibus,
681 1950 763 2001 missa
774 1947 846 2019 lega-

49 2027 93 2080 tio:
114 2040 165 2078 neo
176 2021 249 2093 apud
259 2022 341 2076 duces
351 2020 505 2077 Vitellianos
515 2021 674 2085 dubitatum,
689 2023 845 2093 quominus

49 2116 137 2172 paoem
161 2097 343 2152 mnoederent.
383 2097 473 2169 Legati
497 2095 643 2168 paullisper
665 2097 768 2150 retenti.
807 2094 846 2146 Ea

49 2192 87 2229 res
103 2173 304 2227 haesitationem
319 2170 422 2235 adtulit,
438 2172 539 2244 ignaris
555 2171 652 2234 adhuc,
667 2188 701 2223 sn
715 2171 847 2239 inpetras-

49 2256 113 2304 sent.
153 2249 216 2303 blox
236 2247 347 2300 remissa
363 2245 505 2318 legatione,
527 2247 611 2317 patuit
625 2244 735 2298 vallum.
776 2241 845 2295 Tum

49 2324 109 2379 uicti
128 2324 297 2393 victoresque
317 2323 344 2374 in
366 2320 488 2375 lacrimas
502 2321 589 2385 ellusi,
610 2327 708 2374 sortem
724 2315 845 2371 civilium

49 2415 181 2453 umorum
193 2399 290 2451 misera
304 2394 401 2450 laetitia
413 2396 579 2450 demetentes.
620 2393 717 2448 lisdem
729 2392 847 2446 notoriis

49 2472 91 2528 ilii
103 2472 225 2536 iratrurn,
232 2471 277 2525 alii
288 2471 617 2544 propinquorumvulnera
628 2466 759 2522 fovebant.
780 2464 846 2536 Spes

49 2547 201 2617 etpraemia
215 2546 244 2598 in
258 2547 401 2619 ambiguo.-
421 2556 502 2616 certa,
517 2541 765 2611 luneraetluetus.
796 2541 865 2596 iles

49 2621 181 2682 utinquam
193 2618 260 2673 adeo
272 2620 340 2675 mati
353 2638 466 2696 expers,
491 2635 522 2683 ut
537 2642 595 2683 non
612 2624 745 2701 aliquam
757 2627 887 2678 mortem

49 2694 157 2738 sereret.
195 2689 379 2762 Repulsitam
389 2700 533 2777 Orphidii
544 2704 642 2845 lega}
651 2720 777 2781 surpite,
784 2699 909 2756 bonore

657 2789 679 2849 ‘l
