1950 3016
138 191 187 244 tlt
370 191 694 240 ursrourauuu
794 180 931 255 (noma.

135 293 288 366 litquidam
300 294 329 349 io
342 292 454 351 domum
463 294 584 351 Caesaris
594 292 761 366 transgressi,
776 291 932 365 atqucipsir

135 368 251 425 dominis
261 370 429 440 potentiores.

190 447 232 499 93.
252 444 305 500 Sed
318 446 406 510 miles,
415 444 503 517 plenis
514 444 652 507 nostriset,
665 440 831 496 redundante
840 440 933 497 multi-

137 519 236 585 tudine,
257 521 286 576 in
304 521 450 592 porticibus
464 527 509 574 aut
523 518 643 573 delubris
653 525 680 573 ct
691 517 758 572 urbe
771 525 824 572 tota
835 534 931 591 vagus,

137 613 188 650 non
202 596 333 669 principia
346 613 462 659 noscere,
479 611 531 649 non
545 611 652 648 servare
664 591 781 681 vigilias,
795 591 934 664 nequela-

136 670 198 725 bore
212 671 325 727 firmari:
347 689 393 743 per
406 669 552 725 inlecebras
564 669 640 723 urbis
654 676 681 722 et
693 667 834 723 rnbonesta
847 667 931 733 dictu,

135 743 803 817 corpusotio,auimumlibidinibusinminuebant.
828 743 934 798 Postre-

136 838 189 884 mo,
211 839 244 874 nc
253 821 347 875 salutis
361 820 469 892 quidem
484 836 558 884 cura,
579 817 725 872 infamibus
735 818 857 873 Vaticsni
868 817 934 873 locis

137 912 231 967 magna
247 911 307 965 pars
324 895 445 950 tetendit:
466 894 538 949 unde
553 893 660 948 crebrae
671 895 700 948 in
711 891 812 966 vulgus
822 900 931 949 mortae

135 969 177 1033 Et,
189 969 321 1024 adiacente
330 970 428 1033 Tiberi.
442 969 636 1027 Germanorum
646 968 841 1039 Gallorumque
849 968 933 1024 obno-

135 1044 178 1097 xia
190 1043 290 1099 morbis
298 1060 406 1115 corpora
415 1041 535 1099 fluminis
544 1044 656 1098 ariditas
666 1051 692 1098 et
699 1051 789 1098 aestus
798 1044 933 1114 inpatieu-

136 1118 169 1170 tia
182 1116 309 1172 labefecit.
350 1119 460 1189 lneuper
474 1117 611 1183 confusus,
624 1120 754 1190 pravitate
763 1118 806 1172 vel
817 1118 931 1185 ambitu,

136 1193 199 1246 ordo
214 1192 332 1248 militiae.
372 1193 490 1249 Sedecim
509 1195 662 1265 praetoriae,
683 1203 798 1265 quatuor
814 1193 933 1249 urbanae

135 1267 255 1323 cobortes
273 1268 470 1334 scribebantur,
491 1270 554 1341 quis
573 1267 680 1341 singula
698 1269 783 1323 millia
802 1269 931 1325 inessent.

136 1342 199 1397 Plus
219 1344 248 1398 in
267 1360 298 1400 eo
311 1343 413 1400 delectu
426 1343 522 1401 Valens
541 1342 662 1407 audebat,
682 1351 821 1415 tamquam
840 1345 932 1416 ipsum

135 1416 275 1475 Caecinam
284 1419 401 1491 periculo
411 1420 561 1474 exemisset.
598 1417 666 1472 Sanc
676 1419 789 1473 adventu
800 1420 862 1474 eius
871 1436 933 1491 par-

135 1503 174 1549 tee
187 1494 382 1560 eortvalueraot,
403 1503 429 1550 et
446 1495 586 1549 sinistrum
600 1492 664 1547 lenti
678 1493 781 1548 itineris
795 1510 932 1550 rumorem

135 1586 259 1640 prospero
268 1569 367 1640 proelio
377 1577 501 1625 verteret:
521 1569 665 1640 omnisque
675 1567 809 1623 inferioris
819 1568 933 1625 Germa-

135 1643 282 1698 niae‘milee
292 1642 427 1698 Valentem
437 1642 626 1698 adnectebatur.
661 1641 735 1698 Unde
743 1643 865 1714 primum
875 1660 934 1699 cre-

134 1717 205 1771 ditur
215 1716 341 1774 Caecinae
349 1717 415 1772 fides
425 1716 551 1773 lluitasse.

189 1794 231 1847 ii.
252 1791 375 1847 Ceterum
390 1793 490 1847 nonita
504 1791 619 1846 ducibus
631 1791 744 1846 indulsit
752 1791 888 1860 Vitellius,
902 1800 931 1849 ut

135 1881 187 1920 non
207 1865 269 1937 plus
288 1865 367 1921 militi
381 1866 477 1923 liceret.
517 1866 574 1921 Sibi
588 1869 706 1940 quisque
720 1867 844 1923 militiam
855 1887 931 1924 sum·

134 1956 221 2011 prere,
236 1942 361 2012 quamvis
371 1941 507 2015 indignus,
521 1942 546 1996 si
557 1943 592 1996 ita
602 1942 739 2008 maluerat,
750 1943 870 1999 urbanae
879 1944 932 1999 mi-

135 2014 206 2071 litiae
218 2015 429 2073 adscribebatur:
450 2035 546 2072 rursus
558 2017 646 2083 bonis,
662 2035 799 2073 remanere
813 2019 884 2075 inter
893 2018 930 2075 le·

134 2092 266 2164 gionarios
280 2099 326 2146 aut
338 2091 421 2149 alares
432 2091 591 2158 volentibus,
605 2095 778 2165 permissum.
819 2094 875 2150 Nec
884 2094 930 2150 de-

134 2173 217 2230 erant,
233 2167 280 2238 qui
295 2166 400 2233 vellent,
421 2167 484 2223 lessi
503 2169 604 2223 morbis
621 2177 646 2223 et
662 2169 848 2239 intemperiem
864 2169 929 2225 caeli

134 2242 295 2297 incusantes.
334 2242 435 2298 Robora
450 2251 539 2297 tamen
550 2243 700 2316 legionibus
711 2244 815 2315 alisque
825 2245 930 2300 subtra-

134 2324 187 2372 cta:
209 2316 369 2373 convulsum
384 2327 530 2375 castrorum
545 2318 636 2382 decus,
651 2319 704 2372 XX
719 2318 842 2374 millibus
855 2329 930 2375 ctoto

135 2393 249 2447 exercitu
265 2393 405 2464 permixtis
418 2394 504 2465 magis
517 2410 599 2463 quam
615 2392 713 2448 electis.
753 2392 930 2451 Concionants

134 2466 248 2532 Vitellio,
256 2467 421 2539 postulantur
431 2468 465 2523 ad
474 2466 637 2537 supplicium
647 2467 780 2524 Asiaticus
790 2469 930 2527 etFlaviue

133 2548 159 2595 rt
172 2542 295 2608 linimus,
311 2541 392 2598 duces
403 2541 560 2605 Galliarum,
575 2543 647 2613 quod
656 2561 703 2614 pro
712 2545 823 2600 Vindice
833 2545 931 2601 hellae

115 2624 186 2671 scut.
229 2619 434 2679 Noeweroebul
445 2616 584 2677 eiusmodi
591 2617 818 2673 incardinatus.
849 2619 940 2684 bucer

99 2685 220 2749 insitam
235 2694 325 2759 inerti
336 2698 441 2761 scium
454 2694 615 2774 igmviam,
637 2686 962 2752 &mansuetam
