1950 3016
307 200 510 249 Dtntouus.
531 200 610 250 cAP.
629 202 671 249 21.
836 196 880 252 321

92 308 233 359 versantur
247 301 438 368 adcusatinnes‚
458 320 528 376 quse
542 303 570 357 in
584 303 721 358 Vatinium
733 304 886 360 inscribun-

90 386 149 447 tur;
181 394 211 433 ac
231 380 371 450 praecipue
388 379 504 434 secunda
525 396 558 434 ex
573 379 616 433 bis
628 381 717 434 oratio.
757 378 885 435 Estenim

93 455 182 510 verbis
191 465 280 509 ornata
291 464 316 509 et
325 457 471 520 sententiis,
478 454 643 526 auribusque
653 455 771 509 iudicum
780 456 885 511 adtum-

91 528 211 586 modata:
233 539 262 584 ut
276 531 353 598 scias,
369 532 458 602 ipsum
472 546 580 602 quoque
590 528 702 584 Calvum
715 530 883 596 intellexisse,

90 605 158 679 quid
170 603 266 659 melius
277 615 354 670 esset,
367 622 415 660 nec
425 607 585 661 voluntatem
597 606 630 668 ei,
643 622 697 676 quo
707 605 851 660 sublimius
860 613 886 662 et

90 681 190 736 cultius
200 681 305 746 diceret,
317 681 363 736 sed
375 683 512 755 ingenium
524 698 554 735 ao
564 680 776 745 viresdeluisse.
798 680 887 747 Quid?

90 772 124 812 ex
138 754 271 811 Coeliauis
284 756 465 811 orationibus?
482 758 584 826 Nempe
599 756 648 809 bae
662 755 774 827 placent,
795 758 818 810 si
833 774 885 811 non

89 832 241 895 universae,
257 838 283 885 at
297 841 383 903 partes
398 849 499 895 earum,
518 833 544 885 ln
560 832 659 902 quibus
672 833 782 887 nitorem
793 842 817 885 et
827 832 886 886 nlti-

88 907 211 963 tudinem
226 906 320 961 horum
338 916 484 978 temporum
496 906 693 980 adgnoscimus.
732 906 827 962 Sordes
838 924 886 961 au-

89 990 143 1038 tem
163 981 224 1036 illae
244 982 384 1037 verborum
405 991 430 1036 et
449 981 526 1036 bians
546 983 700 1053 compositio
719 992 744 1036 et
759 983 885 1037 inconditi

89 1072 187 1115 sensus
197 1056 313 1111 redolent
322 1058 518 1129 antiquitatem:
534 1074 582 1111 nec
591 1074 754 1130 quemquam
765 1059 828 1113 adeo
837 1076 885 1112 an-

89 1134 236 1207 tiquarium
246 1141 319 1203 puto,
331 1142 361 1187 ut
370 1132 489 1188 Coelium
500 1150 534 1187 ex
543 1150 572 1186 ea
583 1143 656 1204 parta
667 1132 826 1206 laudetque
837 1151 885 1188 an-

89 1212 183 1281 tiquus
197 1214 244 1261 est.
286 1206 466 1263 Conoedamus
480 1226 544 1262 sane
559 1208 589 1262 C.
607 1208 721 1272 Caesari,
742 1218 771 1262 ut
782 1218 885 1279 propter

88 1280 300 1359 magnitudinem
311 1285 497 1357 cogitationum
507 1292 532 1336 et
541 1285 724 1353 occupationes
734 1300 823 1337 rerum
835 1285 886 1337 rni-

89 1377 142 1415 nus
152 1358 180 1412 ln
192 1356 340 1429 eloquentia
350 1358 471 1423 effecerit,
486 1373 568 1429 quarn
579 1358 701 1411 divinum
713 1359 771 1413 elus
783 1359 885 1431 ingeni-

89 1452 136 1489 um
151 1431 314 1506 postulabat:
343 1443 398 1487 tem
413 1433 533 1496 Hercule,
553 1450 634 1504 quam
648 1432 757 1487 Brutum
770 1433 886 1504 plriloso·

89 1509 169 1582 phiee
179 1508 446 1579 suacrelinquamus.
466 1508 534 1562 Nam
544 1510 573 1562 in
583 1508 745 1562 orationibus
756 1508 885 1564 minorem

88 1602 148 1640 esse
162 1583 231 1638 lama
246 1598 305 1647 sua,
325 1585 404 1637 etiam
418 1584 588 1638 admiratores
601 1584 659 1637 eius
670 1581 792 1638 latentur.
832 1582 886 1638 Nec

89 1660 143 1715 lere
162 1659 307 1731 quisquam
328 1666 373 1715 aut
392 1659 511 1714 Caesaris
530 1676 578 1730 pro
598 1659 675 1713 Decio
694 1657 819 1723 Samnite,
841 1666 886 1713 aut

88 1734 162 1790 Bruti
173 1750 221 1805 pru
226 1732 344 1789 Deiotaro
353 1752 423 1808 rege,
430 1743 582 1806 ceterosque
591 1734 711 1788 eiusdem
721 1733 885 1789 lentitudinis

89 1829 119 1866 ac
133 1810 230 1881 teporis
245 1808 327 1863 libros
342 1809 414 1883 legit,
435 1809 488 1864 nisi
498 1811 546 1882 qui
561 1818 586 1863 et
604 1811 721 1864 carmina
741 1810 884 1865 eorundem

89 1888 210 1941 miratur.
251 1883 381 1938 Fecerunt
393 1885 464 1939 euim
479 1893 504 1939 et
512 1884 628 1939 carmina
641 1886 703 1940 etin
715 1886 884 1941 bibliothecas

88 1959 244 2024 retulerunt,
267 1976 318 2014 non
333 1957 430 2014 melius
444 1977 526 2032 quam
540 1960 639 2025 Cicero,
655 1969 681 2015 at
695 1959 808 2024 felicius,
820 1962 884 2032 quia

89 2036 148 2091 illos
160 2035 252 2088 iecisse
262 2034 398 2105 pauciores
409 2037 505 2090 sciunt.
543 2034 654 2090 Asinius
664 2052 884 2108 quoque,quam—

88 2124 175 2185 quam·
186 2109 355 2181 propioribus
369 2111 533 2182 temporibus
550 2120 627 2166 natus
637 2113 681 2176 sit,
701 2110 806 2165 videtur
817 2111 884 2165 rnlbi

88 2188 157 2242 inter
171 2186 305 2240 Menenios
320 2194 345 2240 et
358 2185 458 2258 Appios
473 2187 617 2241 studuisse.
658 2186 803 2240 Pacuvium
816 2194 885 2240 certe

87 2270 113 2317 et
124 2260 225 2315 Attium
241 2278 293 2316 non
308 2260 394 2317 solum
405 2262 555 2336 tragoediis,
576 2260 711 2316 sedetiam
721 2260 884 2316 orationibus

87 2339 147 2393 suis
157 2336 300 2405 expressit:
317 2336 381 2392 adeo
392 2336 476 2392 durus
485 2346 511 2391 et
519 2340 606 2391 siccus
617 2344 665 2391 est.
685 2335 775 2392 Oratio
784 2347 882 2403 autern,

87 2412 159 2468 sieut
168 2427 264 2481 eorpus
273 2410 399 2478 bominis,
411 2430 441 2468 ea
449 2412 560 2467 demum
570 2410 662 2483 pulcra
672 2420 721 2478 est,
729 2412 758 2467 in
767 2429 821 2485 qua
831 2429 883 2468 nou

88 2485 207 2542 eminent
223 2502 314 2551 venae,
333 2504 382 2542 neo
393 2505 453 2543 ossa
464 2494 647 2553 numerantur,
667 2487 713 2543 sed
723 2496 883 2561 temperatus

87 2578 120 2617 ae
138 2558 225 2613 bonus
244 2562 354 2635 sanguis
373 2563 466 2634 implet
486 2562 608 2618 membra
629 2570 658 2618 tt.
673 2565 803 2636 exsurgit
812 2562 902 2621 inim

80 2650 212 2703 rpsosque
229 2652 328 2690 nervos
348 2636 448 2695 rubore
468 2642 537 2718 tegit
560 2639 710 2698 cideburo
728 2630 923 2694 commendeb-

68 2705 139 2826 NoTlo
149 2705 297 2840 Corn'Iqum
309 2713 436 2792 insequi,
448 2720 521 2795 quia
531 2738 596 2778 nou
602 2736 658 2796 per
666 2718 776 2792 'ipsum
781 2707 950 2767 arants&

119 2793 207 2836 smnus
255 2826 262 2843 .
941 2830 945 2834 .
