1950 3016
134 189 169 241 tt
373 192 698 240 uteroruanurr
796 180 921 255 (antu

133 293 921 440 :¹5ttltll.:litttmzlttttttffitltffi

133 442 285 507 bominum,
301 447 437 514 proximos
451 445 605 498 Aeduorum
619 460 703 516 pagos
715 443 849 509 trabebat3
869 458 921 496 oun

131 519 292 590 gravissima
306 520 411 584 civitas,
426 519 507 573 electa
521 520 667 581 iuventute,
683 519 817 573 adiectisa
827 515 921 571 vitettt

133 593 295 658 cohortibus,
313 593 454 649 fanaticam
469 591 668 647 multitudinem
680 594 794 647 disiecit.
832 591 921 663 Gapttu

133 667 873 814 tt.ttt‘ltltl⁰t“tl{ttltb‘tlt”.2attt
880 682 921 795 ll

133 817 452 947 neckgpopvtaetessluigellpp
455 816 683 946 ddtgtliffsmaffl
688 893 757 947 bona
770 893 921 962 cuiusquau

133 968 274 1021 meritum.
311 967 376 1021 Rata
385 966 459 1021 luere
468 985 571 1027 eorum
582 985 631 1038 qur
640 982 697 1021 acie
707 964 921 1023 Otbomanaoeot

132 1041 234 1105 derant,
250 1050 414 1106 testamenta,
429 1051 475 1096 aut
485 1042 545 1096 lex
538 1044 677 1095 intestatis
717 1043 840 1106 Prorsus,
855 1058 881 1094 si
873 1040 921 1094 lu

133 1132 226 1169 xurrae
236 1125 403 1186 temperaret,
413 1119 552 1173 avaritiam
563 1135 615 1171 non
624 1118 742 1170 timeres.
782 1115 921 1187 Epularun

133 1188 207 1245 loeda
222 1199 249 1245 et
261 1191 432 1262 inexplebilis
446 1192 543 1246 libido:
565 1210 597 1246 ex
612 1192 679 1245 urbe
692 1202 772 1262 atque
783 1191 856 1244 ltalia
866 1188 921 1244 iuri

133 1274 247 1319 tamenta
266 1266 346 1339 gulae
365 1267 547 1340 gestabantur,
567 1267 748 1337 strepentibus
766 1266 801 1319 ab
818 1274 921 1336 utroqu

133 1342 201 1394 mari
225 1342 381 1396 itineribus:
415 1342 539 1397 exhausti
558 1343 742 1396 conviviorum
763 1340 921 1410 adparatibu

132 1417 268 1486 principes
281 1418 434 1471 civitatum:
461 1417 633 1471 vastabantur
646 1417 721 1486 ipsae
731 1417 867 1470 civitatee:
886 1414 921 1469 de

131 1492 275 1563 generabat
288 1510 303 1546 a
318 1491 406 1547 labore
420 1509 452 1545 ac
460 1494 559 1546 virtute
570 1491 658 1556 miles,
670 1490 847 1544 adsuetudine
856 1488 921 1544 volu

132 1576 234 1635 ptatum
248 1576 275 1620 et
286 1575 438 1636 contemptu
452 1567 539 1620 ducis.
579 1567 719 1620 Praemisit
728 1567 756 1620 in
766 1566 861 1619 urbem
877 1564 921 1620 odi

132 1649 216 1704 mum,
231 1658 287 1711 quo
301 1640 460 1695 vocubrrlum
474 1641 590 1713 Augusti
604 1641 729 1700 differret
746 1641 921 1695 Caesarisuct

132 1716 274 1784 reciperet,
294 1731 357 1767 cum
376 1714 411 1768 de
428 1724 555 1785 potestate
573 1716 641 1769 nibil
661 1716 817 1770 detraheret.
858 1714 921 1769 Pult

133 1788 206 1841 ltalia
222 1788 409 1842 mathematici.
450 1789 564 1843 Cautum
579 1807 680 1853 severe.
695 1807 729 1843 ne
739 1792 843 1862 equites
853 1791 921 1845 Rom

133 1861 196 1915 ludo
206 1870 232 1915 et
241 1878 319 1917 arena
330 1863 520 1933 polluerentur.
554 1865 658 1919 Priores
666 1865 695 1919 id
706 1868 843 1936 principes
852 1880 921 1953 pecu

132 1939 177 1990 nia
190 1944 218 1989 et
230 1939 338 2006 saepius
352 1940 380 1991 vi
395 1937 579 2007 perpulerant.
599 1957 631 1994 ac
645 1939 772 2026 pleraque
784 1940 921 2010 municipi

132 2020 158 2065 et
174 2009 291 2065 coloniae
310 2012 522 2077 aemulabantur
543 2016 777 2085 corruptissimum
796 2030 921 2087 quemqur

132 2086 338 2141 adolescentium
349 2089 433 2157 pretio
442 2087 559 2143 inlicere.

187 2165 229 2215 63.
250 2161 302 2215 Sed
320 2161 443 2217 Vitellius
462 2163 576 2218 adventu
597 2162 685 2217 lratris
704 2173 729 2218 et
748 2164 921 2234 inrepentibut

132 2235 322 2291 dominationis
341 2239 477 2310 magistris
497 2238 637 2325 superbior
655 2248 682 2292 et
700 2241 823 2302 atrocior,
848 2238 921 2294 occid

131 2310 310 2365 Dolabellam
304 2313 392 2375 tussit,
407 2331 489 2385 quem
504 2313 531 2367 iu
541 2314 671 2368 coloniam
683 2314 844 2385 Aquinatem
855 2330 921 2385 sepo

132 2386 214 2439 situm
228 2386 263 2440 ab
276 2386 379 2441 Othone
395 2388 546 2443 retulimus
586 2388 729 2453 Dolabella,
745 2389 834 2443 audita
848 2397 921 2444 mort

132 2458 254 2523 Othonis,
267 2461 378 2515 urbem
371 2464 514 2517 introierat.
539 2464 601 2516 ld
579 2480 602 2516 or
615 2463 738 2518 Plancius
748 2465 844 2527 Varus,
856 2480 921 2535 prae

131 2542 191 2589 ture
204 2535 322 2601 functus,
338 2554 372 2591 ex
386 2538 490 2590 intimis
505 2537 653 2592 Dolabellae
664 2540 770 2603 amicis
785 2538 858 2607 apud
872 2537 921 2592 Flo

75 2582 354 2832 pristimum,
375 2612 548 2686 praelectum
563 2612 656 2677 urbis,
675 2613 786 2673 obiecit„
800 2621 921 2673 tammam

203 2693 350 2757 custodela,
376 2696 479 2749 ducem
498 2708 528 2747 so
545 2694 631 2748 victo
650 2689 780 2758 portibus
800 2688 921 2733 uuinton
