1950 3016
86 175 206 251 nomo.)
292 186 375 231 urs.
394 184 431 231 11.
451 186 541 233 cnr.
560 187 602 233 er.
622 187 665 232 sa,
851 183 881 237 st

85 285 249 359 postulantes
263 294 405 343 venerunt.
444 286 545 341 Audire
559 288 722 345 conditiones
734 304 766 343 sc
777 287 886 344 reddere

85 362 201 434 parabat,
224 378 287 417 cum
305 361 464 432 praecipites
481 361 659 432 exploratores
677 363 770 418 adesse
781 363 884 419 hostem

85 438 251 493 nuntiavere.
291 436 459 507 Interruptus
482 437 651 492 tribunorum
670 454 770 492 sermo:
800 456 885 509 eoque

85 512 216 567 incertum
225 510 288 576 luit,
299 510 414 565 insidias
423 529 457 565 an
467 511 654 581 proditionem,
666 510 707 565 vel
717 511 825 583 aliquod
838 514 886 567 ho-

86 595 192 641 nestum
216 584 363 643 consilium
386 587 572 656 cooptaverint.
611 583 737 648 Caecina,
764 586 885 641 dimissis

85 661 210 726 tribunis,
222 669 346 715 revectus
355 660 384 715 in
394 669 488 725 castra,
498 660 590 715 dutum
599 661 676 715 iussu
688 660 708 714 F
710 660 764 715 abii
770 661 885 716 Valentis

85 753 190 810 pugnae
202 737 317 808 signum
330 742 355 789 et
363 734 476 789 militem
488 735 516 789 iu
525 736 608 791 armis
617 736 728 791 invenit.
768 735 837 790 Dum
848 736 886 791 lo·

85 812 177 885 giouoe
190 810 226 867 de
237 810 332 865 ordino
346 811 463 882 agminis
471 810 629 871 sortiuntur,
643 811 747 881 equites
758 827 886 881 prorupe-

86 903 125 944 re:
144 894 183 951 et,
205 886 308 941 mirum
330 883 413 949 dictu,
434 902 450 939 a
468 885 640 955 paucioribus
655 883 812 939 Othonianis
832 904 886 957 quo

86 962 177 1021 ninus
187 960 218 1017 in
228 959 331 1015 vallum
341 960 553 1032 inpingerentur,
564 958 668 1015 ltalicae
678 959 790 1033 legionis
801 962 885 1015 virtu-

87 1035 322 1093 todoterritisunt.
355 1034 394 1089 Eu
403 1035 504 1090 strictis
513 1034 686 1089 mucronibus
697 1035 782 1089 redire
792 1035 885 1106 pulsos

86 1118 110 1165 ot
121 1128 245 1184 pugnam
259 1126 397 1165 resumere
409 1109 503 1180 coegit.
542 1109 673 1180 Dispositn
685 1109 884 1165 Vitellianarum

87 1184 224 1259 legionum
234 1185 306 1239 acies
319 1184 379 1240 sine
391 1183 576 1255 trepidatione:
597 1185 706 1248 etenim,
718 1202 885 1256 quamquam

87 1260 175 1316 ricino
187 1260 275 1323 hoste,
289 1258 431 1329 adspectus
445 1275 581 1313 armorum
595 1257 687 1312 densis
696 1257 813 1313 arbustis
825 1277 886 1328 pro-

87 1332 242 1391 hibebatur:
262 1332 508 1404 opudOthoninuos
517 1333 608 1403 pavidi
620 1331 712 1395 duces,
722 1331 887 1391 milosduci·

87 1408 137 1467 bus
158 1408 293 1472 infensus,
313 1408 397 1463 mixta
414 1407 536 1463 vehicula
555 1415 581 1461 et
594 1406 672 1469 lixae,
689 1414 723 1469 et,
738 1407 887 1477 praeruptis

88 1486 225 1555 utrimque
243 1481 334 1547 iussis,
355 1483 399 1537 vin
417 1483 509 1553 quieto
522 1498 631 1553 quoque
645 1481 747 1552 agmini
764 1489 885 1552 angusta.

87 1558 293 1615 circumsistere
311 1555 358 1612 alii
376 1558 454 1629 sigua
469 1575 529 1622 sua,
549 1572 677 1628 quaerere
690 1554 749 1610 alii:
770 1556 887 1610 incertus

88 1634 210 1705 undique
219 1633 319 1687 clamor
328 1631 730 1695 adcurrentium,vocitantium:
745 1637 781 1693 ot,
791 1637 821 1685 ut
830 1631 888 1685 cui-

88 1726 140 1781 que
163 1707 276 1763 audacio
300 1705 343 1761 vel
363 1705 489 1772 formido,
510 1708 538 1760 iu
560 1707 675 1777 primam
693 1715 888 1777 postremamve

89 1785 172 1839 aciem
182 1781 403 1855 prorumpebant,
413 1789 459 1836 aut
469 1780 664 1835 relabebantur.

142 1860 187 1913 ts.
207 1855 347 1912 Adtonitae
360 1856 450 1911 subito
465 1863 560 1911 terrore
572 1863 674 1910 mentes
687 1853 783 1909 falsum
793 1855 890 1929 gaudi·

88 1948 135 1989 um
146 1933 175 1987 iu
185 1931 343 2005 languorem
353 1932 440 1995 vertit,
453 1931 572 2001 repertis,
584 1931 631 2003 qui
639 1934 773 1987 moluisse
781 1949 799 1984 a
811 1933 890 1985 Vitel-

89 2010 124 2061 lto
132 2006 488 2061 ooemottumemantirentur.
528 2006 664 2069 lsrumor,
675 2005 709 2059 ab
718 2003 891 2076 exploratori-

82 2082 141 2137 ‚bus
150 2079 252 2137 Vitellii
260 2080 410 2150 dispersus,
421 2098 455 2135 su
464 2080 493 2134 in
503 2080 561 2150 ipsa
569 2078 679 2135 Othonis
689 2088 762 2151 parte
771 2097 819 2134 seu
831 2078 890 2134 dolo

88 2174 137 2211 sou
151 2154 219 2211 lorte
232 2155 388 2218 surrexerit,
402 2171 499 2225 parum
508 2164 681 2227 compertum.
721 2152 828 2208 Omisso
838 2170 891 2222 pu-

88 2248 159 2304 gnus
176 2229 285 2295 ardore,
306 2226 448 2285 Othoniani
472 2229 541 2285 ultro
562 2230 723 2283 salutavere:
754 2235 780 2281 et
801 2225 891 2281 hostili

89 2321 232 2361 murmure
251 2304 369 2375 excepti,
394 2304 531 2375 plerisque
551 2321 663 2359 suornm
683 2301 799 2373 ignaris,
821 2317 891 2371 quae

89 2398 186 2435 caussa
200 2377 345 2443 salutandi,
359 2388 460 2434 metum
471 2378 626 2449 proditionis
637 2375 729 2431 iecere.
770 2374 838 2428 'l’um
848 2376 892 2429 in-

90 2455 187 2511 cubuit
201 2454 319 2509 hustium
329 2456 408 2517 acies,
419 2454 530 2526 integris
539 2451 688 2512 ordinibus.
705 2448 892 2505 roboreetuu-

91 2546 167 2585 mero
185 2528 373 2600 praestantior:
403 2526 560 2595 Othoniani,
580 2539 752 2601 quamquam
769 2522 904 2596 dispersi,

81 2605 233 2669 panciores,
243 2600 318 2663 [mi
326 2602 465 2670 proelium
476 2614 569 2663 temen
580 2604 682 2661 acriter
694 2619 857 2678 sumpsere.
876 2599 912 2654 b

65 2669 353 2794 phffi‘ffbu‘
361 2694 396 2735 eo
406 2680 500 2741 vineis
511 2682 663 2759 inpeditos
676 2701 738 2823 ripn
748 2688 945 2757 uuapuguec
