1950 3016
119 218 172 257 ie.
185 198 237 274 tc.)
316 208 396 253 ms.
414 206 467 253 111„
487 208 577 254 cnr.
597 210 716 254 ιιι-12.
864 205 913 257 {23

116 312 223 364 bostium
235 312 326 376 potins
339 312 495 363 exercitibus
508 313 583 362 iliani
592 314 713 377 (arerem,
729 311 802 361 iilum
811 312 913 363 obcer-

116 388 183 438 tiont
192 388 342 447 iniicerrnt,
352 383 454 439 orabat:
475 384 558 438 donee
570 383 698 437 fatisceret
707 383 809 447 seditio,
822 392 856 449 et,
866 401 913 437 ex-

115 465 197 513 tremo
217 461 273 512 iam
287 457 342 522 die,
362 475 411 512 sua
425 458 542 529 quisque
557 458 585 512 in
600 458 709 512 tentoria
723 456 910 511 dilaberentur.

115 532 251 589 Profectus
270 531 456 587 eadem-nocte
474 533 633 597 Flavianus,
649 532 737 587 obviis
756 532 912 602 Vespasiani

114 607 218 671 litteris,
230 606 382 661 discrimini
391 616 530 678 exemptus
540 617 588 662 est.

167 685 212 737 il.
234 682 375 754 Legiones,
387 682 469 736 veluti
479 683 539 736 tabe
548 682 668 746 iniectae,
677 681 812 751 Aponium
823 678 914 733 Satur-

114 758 221 821 ninum,
234 756 342 811 Moesici
352 758 482 811 exercitus
493 757 618 830 legatum,
627 774 658 812 eo
667 756 781 810 atrocius
791 754 914 827 adgredi-

114 840 207 896 untur,
218 830 293 901 quod
303 848 366 894 non,
387 832 511 901 utprius,
535 831 623 887 labore
633 840 658 885 et
666 847 745 902 opere
756 828 850 893 fessae,
866 829 914 883 sed

114 906 204 961 medio
216 905 271 959 diei
286 912 451 960 exemerunt:
472 904 588 978 vulgatis
601 906 730 976 epistolis,
743 921 812 976 quas
822 903 913 958 Satur-

113 983 197 1035 ninus
206 979 240 1033 ad
248 979 386 1033 Vitellium
396 980 535 1050 scripsisse
544 980 705 1035 credebatur.
739 980 773 1033 Ut
782 978 846 1034 olim
856 980 913 1033 vir-

115 1056 178 1109 tutis
189 1054 398 1125 modestiaeque,
409 1061 473 1109 tunc
480 1056 644 1124 procacitatis
654 1063 678 1109 et
688 1055 847 1125 petulantiae
855 1071 912 1107 cer·

114 1136 203 1183 tamen
214 1137 279 1192 erat,
291 1146 325 1182 ne
335 1130 426 1183 minus
436 1128 562 1185 violenter
575 1129 720 1200 Aponium,
731 1147 812 1200 quam
822 1128 913 1183 Flavi-

113 1221 208 1268 anum,
224 1203 258 1258 ad
271 1202 434 1274 supplicium
448 1204 627 1275 deposcerent.
666 1203 772 1275 Quippe
783 1205 912 1258 Moesicae

112 1278 243 1352 legiones,
258 1282 377 1333 adiutem
388 1297 406 1333 o
415 1296 442 1333 sc
452 1280 656 1333 Pannonicorum
666 1282 788 1332 ultionem
797 1277 912 1330 releren-

114 1362 163 1419 tes,
179 1362 206 1407 et
216 1354 371 1417 Pannonici,
387 1352 460 1407 velut
469 1353 669 1408 absolverentur
682 1350 795 1405 aliorum
806 1351 913 1403 seditio-

112 1445 157 1494 ne,
178 1429 275 1481 iterare
293 1427 399 1497 eulpam
418 1428 577 1500 gatldebent.
617 1428 647 1480 ln
656 1426 755 1488 hortos,
770 1426 797 1478 in
812 1424 912 1494 quibus

112 1502 300 1558 devertebatur
317 1500 486 1567 Saturninus,
507 1508 630 1574 pergunt.
670 1501 792 1555 Nectum
806 1498 912 1551 Primus

112 1586 139 1631 et
152 1578 309 1647 Aponianus
324 1585 349 1630 et
362 1577 494 1641 Messalla,
510 1584 674 1648 quamquam
691 1574 765 1629 omni
777 1573 856 1627 modo
869 1573 911 1627 ni-

112 1652 148 1716 si,
159 1653 283 1722 eripuere
291 1650 475 1715 Saturninum,
491 1669 572 1723 quam
584 1650 730 1705 obscuritas
741 1647 910 1713 latebrarum,

112 1726 217 1799 qtribus
231 1725 410 1789 occulebatur,
424 1727 575 1780 vacantium
587 1725 814 1780 iortebalnearum
824 1721 912 1779 lorna-

95 1802 192 1855 .cibus
202 1800 317 1855 abditus.
343 1801 413 1864 Mox,
424 1801 531 1855 omissis
542 1798 687 1863 lictoribus,
702 1800 839 1855 Patavium
848 1817 911 1854 con-

112 1877 204 1931 cessit.
239 1876 366 1947 Digressu
376 1875 557 1929 consularium
567 1875 614 1929 uni
625 1874 738 1929 Antonio
749 1875 789 1930 vis
799 1892 829 1929 ac
838 1884 911 1945 pote-

111 1958 169 2005 stas
185 1951 212 2004 in
228 1958 374 2020 utrumque
387 1951 533 2004 exercitum
546 1948 606 2014 luit,
617 1949 772 2004 cedentibus
781 1950 908 2020 conlegis,

112 2031 139 2080 et
151 2024 274 2079 obversis
289 2023 406 2078 militum
424 2025 530 2079 studiis.
569 2025 624 2078 Neo
637 2024 752 2089 deerant,
764 2025 811 2096 qui
821 2022 912 2076 crede-

111 2107 182 2163 rent,
197 2107 339 2170 utramque
352 2098 508 2154 seditionem
522 2097 614 2153 fraude
623 2098 731 2154 Antonii
741 2105 869 2168 coeptam,
882 2102 912 2149 ut

111 2174 187 2230 solus
198 2172 268 2228 bello
277 2171 417 2227 frueretur.

169 2252 211 2303 it.
232 2248 272 2302 Ne
281 2248 309 2302 in
320 2246 418 2302 Vitellii
429 2245 538 2319 quidem
552 2247 673 2318 partibus
683 2245 788 2316 quietae
798 2248 909 2306 mentes,

112 2323 265 2378 exitiosiore
273 2322 413 2386 discordia,
426 2339 479 2376 non
490 2321 690 2393 suspicionibus
699 2317 785 2388 vulgi,
794 2315 841 2369 sed
851 2332 911 2386 per-

113 2398 176 2451 sidia
194 2397 306 2461 ducum,
327 2396 509 2451 turbabantur.
549 2394 670 2449 Lucilius
687 2394 796 2455 Bassus,
817 2390 911 2444 classis

112 2464 911 2543 llarennatispraelectus,ambiguosmilitumanimos,quod

112 2564 211 2616 maana
218 2563 283 2614 pars
291 2545 425 2599 mimatae
433 2545 619 2619 Pannoniique
629 2548 716 2607 erant,
726 2540 919 2614 queeprou'm-

102 2619 162 2668 aiae
181 2618 338 2682 Vespasiano
353 2621 526 2690 tenebantur,
542 2619 675 2697 partibus
688 2621 754 2676 eius
767 2616 943 2692 adgressae-

87 2692 138 2734 ταί.
173 2687 241 2745 Nox
248 2691 405 2758 pmdi'lt'ttnl
420 2697 521 2771 electa,
537 2709 587 2772 ut,
601 2701 710 2759 ceteris
719 2696 851 2779 ignaris,
861 2689 969 2749 solum
