1950 3016
75 175 116 229 no·
312 177 635 227 uisuonrnnurr
734 169 854 244 (ncne

74 282 178 352 positus
188 279 378 352 pmbstusque,
389 277 480 337 servili
490 276 613 351 deinceps
627 278 724 351 probro
733 295 854 350 respersu

75 363 123 419 est,
145 362 281 426 tamquam
299 354 433 428 scyphum
453 372 565 410 aureum
583 355 612 409 in
631 354 754 411 convivio
766 353 854 411 Cisud

74 427 191 485 iuratus:
213 437 239 485 et
252 428 381 486 Claudius
394 437 495 500 postero
508 429 552 484 die
561 428 741 486 eoliomnium
751 427 854 487 Vinici

74 503 183 558 ctilibus
202 505 347 559 ministrari
368 505 455 559 iussit.
495 501 547 559 Sed
565 503 663 560 Vinius
684 503 854 578 proconsuiet

76 576 190 634 Galliam
209 578 407 637 Narbonensem
422 593 513 633 severe
526 579 681 651 integreque
694 579 771 634 rexit.
810 579 854 635 bio

76 652 176 709 Gelbee
189 654 305 709 amicitie
318 653 346 707 in
360 652 503 722 abruptum
517 660 625 717 tructus,
640 652 736 717 nudos,
747 651 854 711 csilidnn

75 736 225 799 promptus,
244 735 279 792 et,
300 735 378 797 prout
392 727 512 781 oninium
527 727 693 791 intendisset,
713 744 815 798 pruvus
827 745 854 785 st

74 803 234 866 industrius,
246 800 337 856 endem
347 801 384 856 vi.
422 801 619 858 Testamentum
630 803 662 858 T.
672 802 755 867 Vinii,
767 803 854 877 magni

75 877 168 933 tudine
177 893 269 946 opum,
281 876 402 931 inritum.
431 876 536 931 Pisonis
545 893 699 947 supremum
709 876 854 934 voluntates

75 949 350 1023 paupertasfirmuvit.

131 1027 172 1081 tu.
194 1023 294 1079 Gnibne
308 1041 404 1095 corpus
418 1024 465 1081 diu
480 1023 628 1098 neglectum
642 1033 667 1081 et
680 1024 786 1082 licentis
799 1033 855 1083 tene

74 1097 183 1154 merum
199 1097 324 1169 plurimis
335 1097 460 1155 ludibriis
471 1108 605 1164 veretum,
618 1099 783 1171 dispensator
793 1099 855 1175 Argi

74 1189 119 1237 us,
130 1190 145 1229 e
155 1172 290 1244 prioribus
300 1174 395 1238 servis,
402 1173 499 1231 humili
509 1173 645 1246 sepulture
656 1175 683 1231 in
694 1175 805 1245 privetis
813 1176 855 1233 eiu

74 1247 159 1303 bortis
169 1249 291 1304 contexit.
332 1247 427 1319 Caput,
439 1266 486 1319 per
496 1248 564 1304 iisne
573 1248 732 1320 calonesque
741 1248 855 1305 suffixus

74 1320 282 1394 laceratumque,
289 1331 348 1378 onte
357 1323 472 1380 Patrobii
483 1323 618 1380 tumulum
627 1322 748 1396 (libertus
758 1324 783 1380 is
790 1325 855 1381 Nero

74 1397 128 1463 nis,
144 1398 255 1469 punitus
265 1415 280 1453 s
291 1397 373 1454 Gnibo
387 1396 480 1470 iuerat)
494 1406 598 1469 postero
610 1397 720 1454 demum
730 1398 773 1453 die
783 1416 855 1471 reper

75 1481 133 1528 tum
143 1480 168 1528 et
177 1480 291 1529 cremato
303 1472 358 1529 iem
368 1473 470 1544 corpori
480 1472 629 1529 admixtum
640 1480 688 1528 ost.
729 1473 807 1530 Hunc
816 1475 855 1533 cxi

75 1555 133 1602 tum
153 1546 247 1602 bnhuit
264 1547 321 1602 Ser.
343 1547 436 1613 Gelbn,
460 1548 546 1603 tribus
565 1555 591 1602 et
609 1548 775 1621 septuaginta
794 1549 855 1606 tnui

75 1622 197 1693 quinque
207 1623 342 1692 principos
352 1639 476 1693 prospere
491 1621 595 1677 fortune
605 1640 741 1686 emensus,
753 1630 778 1676 et
787 1622 855 1678 elien

75 1696 188 1767 imperio
197 1694 307 1762 felicior,
318 1713 400 1766 quem
410 1714 469 1751 suo.
496 1696 578 1752 Vetus
589 1697 617 1752 in
626 1695 726 1753 familie
737 1697 855 1755 nobiliter

75 1787 187 1843 magnac
195 1787 272 1841 opes:
294 1771 347 1840 ipsi
361 1770 479 1825 medium
490 1772 640 1845 ingenium,
652 1773 738 1844 magis
749 1775 855 1831 extrevi

74 1846 121 1909 tin,
132 1862 214 1915 quern
225 1862 287 1900 cum
298 1845 450 1901 virtutibus.
487 1847 507 1900 F
509 1863 584 1903 omno
594 1864 642 1903 nec
651 1847 813 1912 incuriosus,
824 1866 855 1905 ne

74 1919 231 1976 venditator.
271 1919 401 1975 Pecuniae
414 1919 515 1977 eliense
527 1938 580 1976 non
590 1921 725 1992 adpetens,
736 1939 802 1979 sune
811 1940 855 1994 per

74 2012 133 2059 cus,
147 1993 271 2065 publicee
280 2011 386 2050 avarus.
425 1994 580 2052 Amicorum
593 1996 812 2068 libertorumque,
825 1998 855 2053 ut

75 2069 104 2124 iu
123 2068 207 2125 bonos
227 2069 377 2136 incidisset,
400 2070 461 2127 sine
477 2071 683 2141 reprehensione
700 2073 818 2142 petiens3
849 2091 856 2127 s

75 2142 140 2200 maii
161 2141 254 2209 forent,
275 2161 363 2217 usquo
375 2145 409 2201 nd
423 2146 531 2218 culpem
544 2148 665 2220 ignarus.
703 2144 755 2200 Sed
769 2146 856 2205 clarite

76 2216 204 2274 nautium
215 2226 240 2273 et
250 2227 337 2275 metus
346 2228 497 2292 temporum
505 2221 635 2289 obtentui,
650 2227 689 2285 ut,
701 2220 773 2292 quod
783 2224 856 2295 segni

76 2292 110 2348 tiu
120 2302 185 2356 eret,
198 2294 327 2364 sapientie
338 2305 483 2353 vocaretur.
521 2297 591 2353 Dum
606 2295 712 2368 vigebat
725 2303 807 2362 oetas,
821 2299 856 2353 mi

75 2365 145 2422 litori
157 2366 234 2422 leude
243 2367 315 2440 apud
325 2368 481 2425 Germanias
490 2368 588 2427 floruit.
622 2371 671 2425 Pro
680 2370 790 2426 consule
802 2371 856 2427 tiri

75 2458 135 2497 cem
145 2442 289 2499 moderate:
310 2442 365 2498 inm
378 2445 476 2508 senior,
490 2446 637 2500 citeriorem
648 2446 803 2516 iliepnniem
814 2464 856 2518 pur

75 2516 329 2572 iustitiscontinuit:
360 2518 443 2572 maior
456 2519 560 2588 privato
568 2521 655 2585 visus,
675 2520 742 2576 dum
751 2521 856 2592 privetu

77 2588 135 2652 ruit,
157 2600 182 2647 et
200 2592 322 2647 omnium
341 2607 472 2649 consensu
487 2609 571 2666 ccpex
584 2593 702 2665 imperii,
718 2597 771 2651 nisi
786 2597 856 2669 impe

75 2674 167 2721 resset
