1950 3016
266 180 475 230 menopes.
495 183 574 231 one.
594 186 621 233 e.
642 185 665 231 r.
817 178 867 235 307

64 282 171 341 vereoel
191 283 263 339 coire
275 283 406 355 populum
421 291 447 341 et
460 284 640 341 circumfundi
653 303 777 343 eoronam
787 296 813 343 ct
821 305 867 344 eo-

64 360 154 432 cipere
163 356 306 423 adlectum,
319 376 510 431 quemcunque
519 369 605 418 orator
615 361 745 417 indueritl
765 363 867 437 Vulga-

64 443 91 491 to
102 434 250 491 dicentium
265 434 373 506 gaudie,
384 443 411 492 et
420 436 595 506 inperitorum
606 453 716 508 quoque
723 436 808 495 oeulis
820 456 867 494 ex-

63 511 161 583 posite,
172 526 327 580 percenseo:
349 508 395 564 illa
405 512 700 576 secretiore,ettentum
710 512 778 582 ipsis
788 530 867 569 oren-

64 585 406 649 tlhuenotmmeioraeunt.
427 584 490 641 Sive
498 586 651 643 edcurntmn
660 586 867 658 meditatamque

64 660 321 727 memorationem
342 668 383 715 est
396 660 531 732 quoddam
545 663 616 718 sicut
630 662 717 733 ipeiue
731 661 865 727 dictionis,

64 735 101 791 ite
114 735 208 809 gaudii
221 735 326 806 pondus
340 743 366 791 et
379 737 540 792 constantie:
561 737 619 792 eive
633 754 730 793 norem
741 745 766 792 et
777 754 868 793 recen-

65 819 119 867 tem
129 827 222 867 curem
241 827 294 865 non
308 811 367 866 eine
381 811 471 884 aliquo
481 811 654 882 trepidatione
663 813 747 869 enimi
765 811 868 867 edtulo·

64 887 114 954 rit;
128 887 189 957 ipen
197 884 349 943 sollicitudo
357 885 524 942 commendat
533 894 660 969 evpnturn
668 896 694 943 et
703 887 867 943 lenocinetur

64 961 206 1033 voluptati.
245 959 297 1015 Sed
311 961 499 1034 extemporalis
509 962 633 1019 audaciae
642 970 722 1035 atque
731 963 867 1034 ipsiuste·

64 1037 196 1094 meritolio
205 1035 247 1093 vel
257 1037 399 1108 praecipue
408 1037 560 1094 iucunditas
571 1045 620 1093 eet.
641 1039 708 1093 Nem
719 1039 747 1093 in
758 1039 867 1112 ingenio
908 1051 910 1057 ·

64 1128 185 1185 qnoque,
196 1113 267 1166 eicnt
274 1113 303 1167 in
316 1129 389 1185 egro,
401 1131 566 1186 quemquam
578 1113 629 1169 elie
637 1113 685 1169 diu
695 1122 817 1169 serentur
826 1121 866 1169 et-

63 1204 121 1260 que
134 1186 310 1252 elaberentur,
330 1190 444 1260 gratiore
457 1196 555 1254 temen,
575 1205 645 1261 quae
656 1206 705 1247 eoo
715 1198 809 1261 eponte
819 1207 867 1244 ne·

63 1270 188 1319 ocantur.

120 1338 147 1391 i.
168 1336 312 1408 Equidem,
333 1336 409 1392 uide
423 1353 467 1391 me
478 1336 536 1408 ipee
547 1336 638 1401 interr,
657 1353 711 1393 non
721 1353 783 1393 eum
794 1336 866 1391 diem

64 1412 201 1471 lentiorem
221 1412 273 1484 egi.
295 1429 350 1483 quo
366 1411 435 1467 mihi
449 1411 517 1467 intuo
532 1410 625 1467 clevue
638 1411 743 1466 oblatus
757 1419 807 1475 eet,
823 1411 866 1466 vel

65 1505 123 1561 quo
132 1486 388 1551 homonovue‚etin
398 1487 503 1542 civitate
513 1486 626 1541 minime
633 1485 865 1552 favorabilinetue,

64 1570 249 1637 quaesturam.
269 1569 315 1617 nut
335 1562 510 1627 tribunatum,
529 1569 575 1617 eut
594 1570 745 1632 praeturam
766 1562 864 1632 recepi.

64 1654 215 1712 quomens,
231 1637 332 1708 quibus
346 1637 424 1702 mihi,
440 1654 488 1708 pro
498 1637 677 1693 mediocritate
687 1637 769 1692 huiue
779 1653 867 1707 quen-

64 1713 256 1784 tuleeoumque
270 1713 300 1767 in
314 1712 425 1767 dicendo
436 1711 576 1778 facultatis,
597 1719 643 1769 eut
654 1729 731 1767 reum
741 1727 867 1784 prospere

64 1787 216 1852 defendere,
232 1795 277 1843 eut
291 1786 363 1858 epud
377 1788 557 1844 centumviros
566 1804 689 1843 caueenm
699 1786 818 1860 aliquam
827 1786 867 1841 le-

64 1864 152 1923 liolter
165 1879 249 1928 orare,
266 1870 313 1918 eut
325 1862 397 1933 apud
410 1864 559 1934 principem
569 1863 643 1934 ipeoe
652 1862 713 1919 illoe
724 1863 832 1919 libertos
841 1870 867 1917 et

63 1946 248 2013 procuratores
258 1938 410 2009 principum
420 1939 488 1993 tueri
499 1946 524 1993 ct
533 1937 673 1993 defendere
682 1939 769 1993 detur.
795 1939 865 1992 Tum

65 2014 135 2071 milri
154 2030 236 2084 eupra
255 2013 406 2069 tribunatus
425 2020 451 2069 et
464 2021 600 2085 praeturae
614 2021 640 2069 et
655 2013 808 2069 consulatue
818 2011 867 2065 ad-

65 2089 192 2145 scendere
207 2087 308 2153 videor,
330 2096 387 2143 tum
401 2087 507 2153 hahere.
527 2088 609 2160 quod,
629 2089 654 2142 ei
668 2105 722 2143 non
736 2086 765 2140 in
775 2086 866 2141 animo

64 2164 160 2228 oritur,
172 2180 221 2217 neo
230 2161 359 2219 codicillis
368 2162 446 2219 detur
454 2180 503 2219 nec
512 2180 574 2218 cum
585 2163 670 2235 gretia
679 2164 762 2217 venit.
792 2159 866 2225 Quae

65 2239 137 2295 lema
151 2246 177 2293 et
192 2236 251 2292 leus
263 2238 384 2293 cuiusvis
398 2238 461 2293 artie
475 2255 538 2293 cum
552 2245 686 2293 oratorum
698 2235 782 2309 gloria
792 2252 866 2290 eom-

64 2312 183 2387 perenda
193 2319 243 2377 cst,
255 2311 366 2382 quinon
377 2312 501 2367 inlustres
513 2313 540 2366 in
550 2311 617 2366 urbe
627 2310 725 2374 solum,
737 2310 809 2381 apud
820 2327 867 2364 ne-

64 2390 182 2463 gotiosos
196 2394 222 2442 ct
236 2386 317 2442 rehue
330 2387 453 2452 intentos,
475 2385 615 2443 sedetiam
629 2386 701 2456 apud
715 2386 827 2440 iuvenes
841 2392 867 2439 et

63 2463 254 2528 adolescentes,
275 2462 378 2534 quibus
391 2462 469 2518 modo
483 2468 552 2517 recta
565 2469 591 2515 et
600 2460 704 2517 indoles
713 2467 753 2517 est
763 2459 866 2514 othone

64 2556 129 2612 epee
138 2537 200 2595 suit
227 2536 348 2604 Quorum
362 2539 470 2592 nornine
485 2537 561 2607 priue
575 2543 697 2608 parentes
706 2534 870 2589 liberieenie

61 2611 210 2686 ingerunt?
228 2630 297 2684 quoe
316 2613 428 2685 eeepiue
440 2611 547 2690 vulgne
562 2629 680 2688 ommno
689 2609 854 2682 “inpeixmm
863 2610 896 2684 en

51 2687 189 2743 armemus
200 2686 250 2743 liic
258 2689 387 2764 populus
400 2699 584 2753 transeuntes
591 2690 718 2751 nomme
723 2671 920 2745 needed-³⁸³?

628 2768 707 2834 lli.
