1950 3016
143 197 191 249 tee
339 201 712 257 ¹insecuritate!
804 192 938 266 (aaut.

141 303 282 356 Musonius
293 301 445 359 videbatur:
465 304 570 358 diversa
582 302 650 357 fama
659 302 802 368 Demetrio,
811 301 939 376 Cynicam

140 386 238 431 sectam
248 375 380 448 professo,
401 379 473 451 quod
485 378 655 433 manifestum
669 395 747 432 reum
759 378 938 443 ambitiosius,

140 469 222 524 quam
237 452 385 518 honestius,
400 453 569 508 defendisset.
609 454 663 524 Ipsi
678 451 774 507 Public
785 452 940 524 nequeeni-

141 545 204 581 mus
213 529 241 582 in
251 528 388 598 perieulis,
399 546 487 600 neque
495 530 577 583 oratio
586 528 776 599 suppeditavit.
805 526 890 601 Signo
898 525 939 582 ul-

140 603 220 657 tionis
234 604 262 656 in
277 603 444 657 adcusatores
453 603 522 668 dato,
539 605 604 674 petit
614 621 629 656 a
639 603 750 656 Caesare
759 602 939 656 luniusfdau-

139 679 222 743 deus,
234 686 264 731 ut
272 679 520 732 commentariorum
531 677 721 748 principalium
731 685 888 748 potestatem
896 693 939 731 se-

140 753 214 806 natui
229 752 333 816 faceret,
348 770 396 824 per
410 771 478 824 quos
491 760 617 816 nosceret,
637 769 719 823 quem
729 753 849 823 quisque
858 751 938 807 adou-

139 827 252 881 sandum
263 829 434 898 poposcisset.
468 826 667 882 Consulendum
678 826 724 880 tali
734 844 816 898 super
825 844 856 881 re
863 827 937 898 priu-

139 903 236 973 cipem,
247 903 390 971 respondit.

195 978 237 1029 ll.
258 975 379 1039 Senatus,
398 976 586 1030 inchoantibus
605 975 779 1047 primoribus,
801 975 937 1031 iusiuran-

138 1049 204 1103 dum
217 1051 344 1120 concepit,
361 1067 415 1121 quo
429 1053 546 1104 certatim
560 1069 653 1106 omnes
665 1053 847 1124 magistratus,
858 1053 935 1105 ceteri

137 1131 169 1178 ut
177 1124 333 1178 sententiam
345 1125 514 1198 rogabantur,
527 1125 590 1181 deos
600 1135 678 1180 testes
688 1125 860 1190 advocabant,
871 1127 935 1180 nibil

137 1215 184 1266 ope
196 1216 245 1253 aaa
258 1204 364 1268 factum,
381 1218 431 1269 quo
446 1206 597 1269 cuiusquam
608 1205 682 1255 salua
691 1204 845 1264 laederetur,
856 1215 935 1269 neom

135 1279 315 1342 &precarium
327 1285 374 1328 cut
388 1278 550 1329 horroremeae
559 1279 709 1329 calamitate
717 1280 812 1328 civium
826 1279 933 1343 capiate:

137 1349 247 1420 trepidis
257 1357 283 1403 et
294 1349 372 1403 verba
383 1349 555 1404 iurisiurandi
571 1367 618 1420 per
629 1351 715 1404 varias
728 1357 797 1403 artos
807 1349 933 1403 mutanti·

136 1423 198 1489 bus,
210 1425 273 1496 quis
283 1422 375 1497 flagitii
385 1425 543 1479 conscientia
554 1425 647 1478 inerat.
687 1424 835 1478 Probabant
845 1423 933 1496 religi-

135 1515 213 1553 onem
224 1507 320 1569 patres,
332 1500 481 1570 periurium
494 1499 647 1571 arguebant.
687 1499 780 1570 anue
789 1498 864 1553 velut
872 1515 932 1552 ceu·

135 1591 197 1626 sura
218 1575 245 1626 in
260 1572 425 1628 Sariolenum
441 1574 568 1628 Voculam
587 1581 613 1627 et
625 1574 742 1627 Nonium
756 1572 932 1628 dotianumet

134 1647 253 1702 Cestium
269 1646 396 1702 Severum
410 1650 537 1702 acerrime
546 1648 677 1712 incubuit,
689 1648 789 1702 crebris
799 1648 872 1720 apud
881 1649 932 1702 Ne·

135 1737 226 1774 renem
246 1720 423 1776 delationibus
446 1722 570 1777 famosos.
610 1721 777 1779 Sariolenum
796 1731 823 1777 et
842 1739 931 1778 recens

54 1844 57 1851 .
135 1795 235 1848 odmen
255 1797 375 1867 urgebat,
395 1797 467 1867 qnod
484 1796 556 1867 apud
565 1797 701 1851 Vitellium
717 1798 827 1853 molitus
840 1797 931 1853 eadem

135 1867 208 1922 foret.
248 1869 303 1922 Nee
315 1869 415 1924 destitit
428 1879 535 1925 senatus
551 1890 649 1926 manus
662 1874 791 1927 intentare
805 1872 929 1938 Voculae,

133 1942 216 1997 donec
225 1945 298 1997 curia
312 1944 455 1999 excederet.
496 1946 536 1999 Ad
549 1947 668 2002 Pactium
680 1946 836 2001 Africanum
845 1956 932 2003 trans-

131 2017 227 2091 gressi,
240 2035 302 2072 eum
314 2036 422 2091 queque
431 2021 595 2091 proturbant,
605 2030 741 2093 tamquam
752 2022 851 2077 Neroni
861 2021 931 2077 Sori-

132 2093 226 2147 bonios
237 2091 339 2158 fratres,
355 2095 492 2148 eoncordia
505 2097 656 2167 opibusque
671 2098 801 2162 insivnes,
824 2097 858 2151 ad
874 2098 931 2153 exi-

132 2168 200 2221 tium
219 2170 428 2224 monstravisset.
468 2170 609 2225 Africanus
624 2188 712 2242 neque
721 2138 795 2225 llateri
806 2172 928 2236 audebat,

132 2259 220 2314 neque
229 2243 345 2298 abnuere
355 2252 467 2314 poterat:
488 2246 516 2298 in
530 2246 640 2300 Vibium
650 2246 787 2318 Crispum,
799 2249 879 2302 cuius
889 2248 930 2301 in·
971 2278 973 2283 ·

130 2319 351 2389 terrogaticnibus
367 2318 532 2391 fatigabatur,
547 2319 617 2375 ultro
626 2339 781 2386 conversus,
793 2320 929 2377 miscendo

131 2409 200 2462 quae
209 2391 348 2446 defendere
358 2394 493 2465 nequibat,
504 2395 627 2450 societate
636 2396 731 2468 culpae
742 2396 874 2452 invidiam
883 2396 929 2452 de-

130 2465 249 2521 clinavit.

183 2543 225 2598 li.
247 2541 372 2617 Magnam
388 2559 418 2598 eo
432 2543 475 2598 die
485 2544 588 2616 pietatis
599 2544 820 2619 eloquentiaeque
830 2548 926 2604 famam
970 2600 973 2635 4

120 2613 270 2687 Vr'pstanus
282 2618 412 2677 Messalla
426 2619 540 2695 adeptus
552 2627 606 2685 est,
617 2619 741 2674 nonbum
750 2625 929 2676 scnemata-ae-

101 2694 168 2759 tate,
182 2711 277 2754 ausus
284 2715 344 2774 pro
354 2697 443 2760 fratre
451 2693 685 2776 equitemque
693 2691 843 2763 deputetis·
856 2693 949 2760 usqa-
