1950 3016
59 179 146 255 aro.)
242 191 322 251 nra.
339 191 359 236 1.
381 190 470 240 cur.
491 192 610 240 aa-ao,
791 189 824 243 tt

53 292 201 421 aecipplpm
222 293 403 362 pessimorum
427 293 645 363 incitamentum,
664 293 735 366 quod
760 293 823 366 boni

53 383 112 423 aere
167 373 186 422 t.

77 444 122 496 39.
144 442 200 495 Iam
219 443 361 496 exterritus
376 443 438 498 Piso
456 442 564 499 fremitu
579 444 767 499 crebrescentis
781 461 824 498 se-

53 516 149 581 tionis,
171 522 196 571 et
218 516 332 571 vocibus
352 517 380 570 in
404 518 499 572 urbem
520 536 609 590 usque
627 520 823 582 resonantibus,

53 608 164 655 passum
178 591 286 645 interim
303 589 424 658 Galbam,
445 600 472 648 et
483 591 539 649 foro
555 594 822 665 adpropinquantem,

53 674 167 721 secutus
181 676 250 721 erat:
272 666 326 721 iam
340 666 441 721 Marius
456 667 550 722 Celsus
564 668 636 723 haud
650 668 715 722 laeta
728 668 823 723 retule-

53 750 76 796 t:
98 758 163 796 cum
173 740 230 805 alii,
242 745 271 794 io
277 743 406 808 palatium
415 746 509 807 redire,
522 741 577 808 alii,
591 743 747 812 Capitolium
754 753 806 810 patr

52 859 59 880 ‚
73 814 209 887 plerique,
225 823 313 869 rostro
327 821 487 884 occupanda,
505 825 650 883 censerent,
664 817 756 889 plures
767 826 825 871 tan-

53 908 81 945 m
95 891 236 945 sententiis
249 889 362 945 aliorum
373 891 589 958 contradicerent,
604 900 688 964 utque
698 893 786 947 evenit
795 893 823 946 in

53 964 145 1020 nsiliia
159 963 321 1030 infelicibus,
337 967 437 1037 optima
452 966 614 1032 viderentur,
630 984 745 1040 quorum
756 975 824 1021 tam·

53 1059 75 1094 rs
89 1039 227 1112 effugerat.
267 1038 389 1112 Agitasse
402 1041 479 1106 Laco,
496 1042 588 1115 ignaro
602 1042 696 1108 Galba,
712 1042 745 1096 de
754 1043 824 1097 occi-

53 1115 111 1169 ndo
120 1114 152 1168 T.
162 1114 240 1170 Vinio
249 1113 356 1180 dicitur,
368 1117 426 1170 sivo
436 1123 465 1171 ut
475 1133 558 1186 poena
568 1118 627 1172 eius
637 1119 740 1172 animos
751 1117 825 1171 mili-

53 1207 81 1244 m
92 1188 231 1254 mulceret,
250 1207 297 1244 sau
312 1191 449 1245 conscium
459 1190 572 1247 Othonis
584 1192 713 1258 credebat,
733 1192 767 1246 ad
776 1209 825 1262 po-

53 1281 156 1319 mmum
175 1262 216 1319 vel
235 1264 304 1319 odio.
345 1265 549 1326 linesitationem
567 1266 662 1321 adtulit
675 1275 781 1337 tempus
794 1282 824 1319 ac

53 1357 108 1404 tus,
121 1339 196 1410 quia,
208 1339 284 1394 initio
293 1339 381 1394 caedis
390 1348 455 1405 orto,
466 1340 583 1396 difficilis
594 1341 699 1396 modus.
724 1341 757 1394 lit
767 1349 824 1393 tur-

53 1431 121 1469 ,vere
135 1413 278 1468 consilium
292 1414 388 1486 trepidi
402 1416 490 1469 nuntii
506 1433 536 1470 ao
549 1416 734 1487 proximorum
744 1414 825 1468 diliu-

53 1507 76 1554 A,
98 1487 289 1561 languentibus
304 1491 427 1543 omnium
441 1490 547 1555 studiis,
569 1491 617 1562 qui
627 1491 715 1560 primo
724 1489 824 1543 alacres

53 1563 105 1618 iem
115 1571 196 1635 atque
205 1565 326 1618 animum
335 1571 537 1619 ostentaverant.

78 1641 122 1693 to.
143 1637 278 1711 Agebatur
291 1639 344 1693 buo
357 1637 423 1693 illuc
433 1639 526 1704 Galba,
541 1640 615 1694 vario
625 1639 718 1694 turbae
727 1637 824 1694 lirratu-

53 1714 92 1768 lis
103 1713 230 1785 inpulsu:
255 1712 392 1785 eompletis
408 1714 527 1786 undique
536 1713 655 1768 basilicis
665 1732 695 1768 aa
705 1713 821 1786 templis,

53 1787 134 1862 gubri
144 1795 295 1860 prospectu.
335 1789 429 1860 Neque
438 1788 531 1860 populi
542 1796 588 1845 aut
597 1788 683 1860 plebis
694 1789 748 1844 ulla
759 1807 820 1854 vox,

53 1863 192 1918 dadtoniti
201 1861 294 1919 vultus
308 1871 333 1917 et
343 1880 485 1919 conversae
495 1863 528 1918 ad
538 1865 627 1919 omnia
636 1881 723 1920 aures.
763 1865 822 1919 Non

53 1937 167 2002 multus,
189 1955 243 1992 non
257 1939 349 2009 quies:
370 1937 449 2010 quale
467 1940 557 2011 magni
571 1948 658 1995 metus
671 1947 697 1993 et
710 1955 823 2013 magnae

53 2030 77 2067 aa
86 2011 226 2067 silentium
236 2020 284 2067 est.
310 2011 408 2068 Othoni
419 2022 515 2078 tamen,
526 2017 740 2082 amaarlplebem,
752 2031 824 2069 nun-

53 2088 147 2143 rbatur.
188 2088 232 2141 Ire
248 2092 404 2155 praecipites
423 2096 447 2141 al
466 2105 594 2156 occupare
603 2093 723 2156 pericula
738 2089 821 2144 iubet.

53 2165 107 2218 itur
126 2160 227 2217 milites
241 2161 363 2226 Romani,
384 2162 462 2232 quasi
475 2161 621 2236 Vologesen
634 2172 680 2219 aut
694 2165 822 2218 Pacorum

54 2239 92 2293 ito
103 2235 292 2291 Arsacidarum
303 2235 368 2292 solio
377 2236 564 2308 depulsuri,ac
574 2255 626 2292 non
636 2239 822 2309 imperatorem

54 2329 104 2367 um
123 2313 255 2366 inermem
268 2319 293 2364 et
307 2328 397 2365 senem
411 2310 543 2366 trucidare
554 2320 702 2386 pergerent,
715 2312 821 2366 disiecta

53 2387 109 2451 ebe,
131 2385 282 2458 proculcato
297 2395 400 2451 senatu,
421 2394 508 2440 truces
522 2387 615 2452 armis,
635 2385 734 2456 rapidis
745 2385 822 2456 equis

53 2480 110 2517 mum
132 2464 302 2531 inrumpunt.
342 2461 397 2513 Nec
416 2458 475 2514 illos
492 2459 613 2532 Capitolii
632 2461 781 2529 adspectus,
798 2469 823 2514 et

53 2536 216 2591 minantium
236 2534 395 2606 templorum
415 2533 517 2607 religio,
540 2543 565 2589 et
583 2536 683 2605 priores
700 2542 725 2588 et
739 2533 822 2588 iuturi

53 2613 158 2683 incipes
178 2617 305 2674 terruere,
326 2610 474 2682 quominus
492 2608 607 2663 facerent
624 2607 722 2675 soclus,
743 2609 822 2664 ouius

53 2695 90 2743 lor
100 2693 152 2751 est,
163 2684 291 2758 quisquis
300 2684 437 2740 suecessit.
