1950 3016
43 2716 121 2832 ’ἱ

140 157 156 206 s
375 155 697 204 ursaonrnnuu
798 147 932 223 (auara

194 260 220 312 ἲ.
242 253 316 327 Opus
326 255 463 329 adgredior
472 259 592 330 opimum
603 260 719 325 casibus,
733 265 807 314 atrox
815 258 933 330 proeliis,

140 331 239 386 discors
250 331 434 397 seditionibus,
445 334 504 405 ipsa
514 337 591 390 etiam
603 353 666 406 pace
676 352 794 390 saevum.
817 333 936 400 Quattuor

140 407 273 479 principes
289 405 356 462 ferro
370 408 530 481 interempti.
569 411 649 466 Trina
663 410 732 465 bella
745 409 844 475 civilia,
857 409 934 480 plura

140 491 245 537 externa
260 481 457 555 aeplerumque
471 487 610 555 permixta.
650 486 792 557 Prosperae
801 487 830 539 iu
841 483 936 539 Orien-

141 567 175 622 te,
196 558 321 612 adversae
335 559 364 613 in
378 556 517 614 Occidente
530 579 581 616 res.
621 561 768 616 Turbatum
781 559 933 634 Illyricum:

141 631 242 688 Galliae
252 641 388 688 nutantes:
401 634 728 705 perdomitaBritannia,et
737 637 825 690 statim
836 636 935 690 missa:

141 717 242 763 coortae
251 710 279 763 iu
289 727 337 763 nos
346 707 524 764 Sarmatarum
535 728 565 765 ac
574 709 722 767 Suevorum
732 718 838 784 gentes:
859 710 936 765 nobi-

142 783 231 838 litatus
244 783 365 837 cladibus
378 785 481 839 mutuis
494 786 592 854 Dacus;
614 795 682 841 mota
693 803 775 858 prope
784 788 863 839 etiam
872 787 936 838 Par-

141 857 247 914 thorum
262 875 349 924 arma,
364 857 423 912 salsi
437 861 548 916 Nemnis
562 861 686 916 ludibrio.
726 862 780 916 lam
792 877 853 916 vero
862 860 936 914 ltalia

142 935 218 990 novis
228 933 358 999 cladibus,
374 932 416 989 val
426 943 485 1006 post
495 935 600 1010 longam
611 935 776 992 saeculorum
788 937 883 990 seriem
894 952 936 988 re-

140 1009 239 1080 petitis,
253 1007 364 1063 adflicta.
404 1010 518 1065 Haustae
528 1020 572 1066 aut
580 1012 689 1066 obrutae
698 1012 789 1076 urbes,
801 1008 936 1065 fecundis-

141 1085 209 1138 sima
224 1083 383 1155 Campaniae
396 1101 450 1140 ora.
489 1085 523 1140 Et
535 1086 600 1140 urbs
612 1086 743 1142 incendiis
753 1094 861 1148 vastata,
873 1103 937 1140 con-

142 1160 256 1230 sumptis
271 1159 466 1229 antiquissimis
480 1159 608 1226 delubris,
626 1163 684 1234 ipso
698 1160 825 1233 Capitolio
834 1160 935 1215 ciuium

143 1234 267 1289 manibus
277 1234 399 1290 incenso:
420 1235 731 1306 pollutaecaerimoniae:
753 1234 937 1309 maguaadul-

143 1309 219 1364 teria:
240 1308 350 1381 plenum
365 1309 467 1365 exsiliis
480 1328 566 1366 mare:
588 1311 676 1367 inlecti
687 1311 813 1366 caedibus
822 1309 934 1383 scopuli.

142 1383 263 1440 luceius
283 1385 311 1439 iu
326 1385 392 1441 urbe
404 1386 545 1442 saevitum.
585 1387 730 1452 Nobilitas,
748 1403 825 1458 opes,
841 1386 936 1440 omissi

142 1461 264 1537 gestique
281 1456 394 1516 bonores
414 1478 462 1533 pro
475 1462 595 1527 crimine,
617 1470 643 1516 et
655 1462 689 1517 ob
699 1462 810 1517 virtutes
820 1461 938 1515 certissi-

142 1538 217 1590 nium
229 1536 349 1591 exitium.
390 1537 445 1608 Nec
454 1537 545 1592 minus
555 1538 671 1609 praemia
682 1536 828 1591 delatorum
837 1536 935 1599 invisa,

142 1628 224 1682 quam
243 1609 353 1679 scelera;
375 1628 436 1665 cum
456 1611 501 1666 alii
520 1611 662 1666 sacerdotia
682 1618 708 1665 et
725 1610 888 1676 consulatus,
907 1617 938 1665 ut

143 1685 236 1757 spolia,
248 1683 345 1756 adepti,
360 1687 557 1757 procurationes
571 1685 616 1740 alii
629 1693 654 1740 et
663 1685 814 1741 interiorem
824 1686 938 1758 potenti-

143 1778 196 1826 am,
207 1767 322 1834 agerent,
334 1767 465 1816 verterent
478 1768 571 1816 cuncta
584 1760 644 1816 odio
654 1768 679 1815 et
688 1768 794 1817 terrore.
834 1761 938 1817 Comu-

143 1836 180 1906 pti
200 1836 228 1891 in
248 1834 369 1890 dominos
387 1836 468 1901 servi,
489 1837 517 1890 iu
530 1843 653 1909 patronos
669 1835 769 1907 liberti;
791 1837 936 1910 atquibus

143 1910 230 1965 deerat
238 1910 374 1976 inimicus,
385 1927 433 1982 per
443 1911 542 1967 amieos
551 1912 681 1984 oppressi.

197 1988 222 2040 3.
243 1985 301 2040 Non
316 1992 403 2040 tamen
419 1985 484 2042 adeo
498 1987 626 2042 virtutum
640 1987 728 2042 sterile
740 1985 887 2052 saeculum,
907 1995 938 2041 ut

144 2077 195 2116 non
207 2067 231 2114 et
245 2059 313 2115 bona
327 2060 448 2132 exempla
458 2062 610 2133 prodiderit.
650 2063 792 2119 Comitatae
810 2062 937 2135 pmlugos

144 2134 240 2190 liberos
260 2142 370 2192 matres:
391 2146 495 2192 secutae
512 2139 620 2193 maritos
640 2140 667 2193 in
687 2137 780 2193 exsilia
794 2140 935 2210 coniuges:

143 2212 287 2283 propinqui
297 2211 436 2268 audentes:
458 2222 605 2268 constantes
613 2213 718 2288 generi:
737 2220 889 2279 contumax,
899 2219 939 2267 et*

143 2287 196 2340 iam
216 2285 344 2342 adversus
363 2295 504 2355 tormenta,
530 2306 668 2344 servorum
687 2287 766 2343 fides:
797 2304 938 2360 supremae

144 2361 274 2417 clamrum
283 2363 402 2418 virorum
413 2364 580 2419 necessitates
595 2363 693 2419 fortiter
703 2362 833 2428 toleratae,
846 2371 870 2417 et
879 2362 939 2418 lau-

143 2436 391 2511 datisautiquorum
402 2440 532 2495 mortibus
541 2455 618 2512 pares
627 2441 724 2494 exitus.
753 2438 857 2493 Praeter
867 2437 939 2493 mul-

143 2512 246 2584 tipliees
260 2531 351 2569 rerum
364 2514 543 2570 humanarum
557 2530 644 2580 casus,
660 2512 730 2569 caelo
744 2521 867 2586 terraque
876 2529 938 2584 pro-

144 2587 215 2662 digia
233 2597 259 2644 et
277 2587 422 2646 fulminum
441 2590 558 2646 monitus
575 2596 601 2644 et
620 2588 769 2645 futurorum
788 2588 935 2661 praesagia,

144 2661 219 2731 laeta,
231 2665 324 2731 tristia,
335 2666 470 2742 ambigua,
482 2663 629 2721 manifesta.
669 2665 724 2721 Nec
733 2663 805 2720 euim
817 2680 936 2737 unquam
