1950 3016
149 211 166 263 s
384 210 705 263 u1suoa1aauu
808 201 942 277 (uuam.

148 314 280 387 pantium.
320 311 436 375 caudata
448 310 514 375 elim
528 317 554 369 et
565 311 673 373 militari
685 309 754 368 fama
763 311 891 373 celebrata
901 331 945 371 se-

149 391 246 445 veritas
260 389 319 443 eins
331 388 444 462 angebat
457 395 627 459 aspernantes
638 396 752 445 veterem
762 388 941 460 disciplinam,

149 473 228 537 atque
236 464 272 518 ita
282 463 353 518 XIV.
365 465 443 518 annis
453 481 467 517 a
477 465 581 518 Nerone
590 462 763 529 adsuefactos,
770 471 800 518 ut
809 463 881 519 baud
892 466 944 521 mi-

149 558 202 601 nus
212 539 274 594 vitia
284 540 437 611 principum
448 546 575 601 amarent,
587 556 669 610 quam
678 538 742 594 olim
752 540 861 594 virtutes
868 556 943 594 vere-

149 616 254 672 bantur.
294 614 411 671 decessit
421 612 520 669 Galbae
528 630 590 678 vox,
610 631 658 686 pro
673 612 808 684 republica
822 613 941 677 honesta,

148 691 201 760 ipsi
215 706 321 760 auceps,
339 692 389 757 ispi
401 691 584 752 scamillum,
598 706 650 744 nors
662 693 719 743 arnt.
758 689 813 743 Nec
826 690 897 744 enim
909 689 942 745 ad

148 765 217 825 hauc
228 763 338 826 formam
347 771 431 825 cetera
440 770 522 824 erant.

203 843 228 894 6.
249 837 399 899 Invalidum
413 855 503 901 senem
517 838 548 895 Τ.
561 837 659 895 Vinius
671 845 696 893 et
710 836 847 894 Cornelius
864 839 940 903 Laco,

148 913 213 971 alter
226 913 384 973 deterrimus
399 911 560 977 mortalium,
581 911 647 969 alter
660 913 862 986 ignavissimus,
882 914 942 970 odio

148 989 307 1062 flagitiorum
317 996 465 1055 oneratum,
476 996 630 1060 contemptu
640 989 749 1045 inertiae
760 988 938 1045 destruebant.

148 1063 264 1121 Tardum
281 1062 380 1123 Galbae
393 1065 442 1118 iter
456 1070 481 1119 et
494 1071 644 1128 cruentum,
659 1063 802 1120 interfectis
812 1063 942 1137 Cingonio

149 1139 273 1203 Varrone,
293 1136 402 1195 consule
420 1137 571 1212 designato,
594 1145 620 1192 et
638 1138 757 1197 Petronio
776 1139 939 1210 Turpiliano,

148 1213 290 1271 consulari.
329 1213 386 1276 ille,
402 1221 432 1267 ut
441 1212 599 1301 Nymphidii
608 1213 705 1278 socius,
721 1214 774 1279 hic,
786 1214 879 1275 utdux
889 1216 942 1268 Ne-

149 1290 230 1353 ronis,
247 1288 359 1345 inauditi
373 1295 453 1359 atque
466 1286 611 1353 indefensi,
625 1296 762 1360 tamquam
778 1291 940 1355 innocentes,

148 1364 288 1436 perierant.
327 1364 451 1419 introitus
465 1364 493 1417 in
511 1363 614 1429 urbem,
629 1364 764 1425 trucidatis
775 1371 810 1421 tat
820 1363 941 1421 millibus

148 1439 291 1498 inermium
303 1437 429 1503 militum,
440 1437 762 1510 iufaustusomine,atque
772 1440 839 1510 ipsis
849 1441 939 1505 etiam,

148 1516 197 1588 qui
210 1513 366 1578 occiderant,
379 1512 574 1569 formidolosus.
614 1514 721 1569 inducta
735 1512 836 1587 legione
846 1514 942 1586 llispa-

149 1608 192 1654 na,
213 1597 364 1649 remanente
378 1605 419 1652 ea,
439 1606 521 1660 quam
535 1605 550 1647 a
563 1586 647 1648 classa
661 1589 729 1645 Nero
740 1591 939 1660 conscripserat,

148 1665 224 1737 plena
244 1663 309 1719 urba
328 1664 444 1719 exercitu
464 1663 578 1721 insolito.
618 1661 693 1719 Multi
709 1663 742 1719 ad
753 1664 941 1727 boenumerie

148 1739 290 1796 Germania
299 1755 330 1793 ac
338 1737 472 1793 Britannia
482 1746 507 1792 et
517 1735 630 1810 Illyrico,
641 1754 709 1809 quos
720 1737 790 1800 idem.
800 1739 878 1805 Nero,
888 1739 941 1795 ele-

147 1823 202 1870 ctos
217 1813 431 1884 praemissosque
445 1811 478 1866 ad
492 1811 604 1869 claustra
614 1811 780 1947 Casgiarum,
792 1822 818 1872 et
827 1814 937 1879 bellurn,

147 1889 256 1961 quadiu
267 1887 382 1951 albanos
391 1887 508 1960 parabat,
519 1887 658 1959 opprimen
679 1888 701 1942 's
712 1888 831 1945 Vindicis
842 1891 939 1960 coeptis

148 1971 325 2019 revocaverat:
355 1962 545 2036 ingemueris
564 1963 644 2025 rebus
663 1966 781 2028 materia,
796 1973 826 2021 ut
845 1982 897 2021 non
911 1967 939 2020 in

149 2057 232 2095 unum
244 2036 361 2109 aliquem
371 2054 454 2117 propo
464 2036 561 2103 favore,
573 2039 607 2094 ita
618 2038 724 2102 audenti
736 2048 835 2111 parata.

201 2115 227 2175 7,
248 2113 324 2169 Forte
337 2121 501 2186 congruerat,
516 2119 546 2167 ut
555 2111 639 2177 Clodii
650 2114 731 2175 Macri
743 2122 769 2173 et
778 2115 879 2175 Fonteii
890 2114 939 2171 Ca-

146 2189 244 2261 pitonis
254 2186 346 2249 caedes
356 2188 548 2249 nuntiarentur.
588 2189 717 2254 Macrum,
731 2188 856 2249 indiuisa
867 2188 939 2246 haud

35 2278 40 2287 ·
145 2264 228 2321 dubie
239 2262 399 2328 turbantem,
419 2262 567 2323 Trebonius
586 2262 757 2330 Garutianus,
776 2273 937 2337 procurator,

147 2340 225 2394 iussu
243 2337 356 2405 Galbaa;
377 2336 529 2409 Capitonem
549 2338 577 2402 in
594 2337 745 2402 Germania,
765 2357 827 2401 cum
841 2339 939 2399 similia

146 2420 284 2484 coaptaret,
301 2411 439 2473 Cornelius
453 2412 577 2484 riquinus
592 2421 618 2469 et
632 2413 730 2469 Fabius
740 2412 846 2482 Valens,
862 2414 938 2489 legati

148 2488 292 2561 legionum,
304 2486 494 2552 interfecerant,
506 2496 648 2559 antequam
658 2489 821 2549 iuberentur.
855 2491 939 2545 Fuere

147 2565 194 2636 qui
205 2562 347 2628 crederent,
354 2561 554 2635 Capitonem,ut
563 2564 670 2622 avaritia
681 2571 707 2621 et
713 2563 824 2621 libidine
833 2562 937 2625 foedum

147 2637 406 2703 musculorumue
416 2637 570 2710 cogitatione
580 2654 669 2697 rerum
680 2657 809 2695 novarum
819 2639 940 2698 abstinu-

146 2715 214 2781 issa;
235 2712 282 2769 sed
295 2730 310 2771 a
323 2711 425 2785 legatia,
439 2710 540 2775 bellum
550 2711 733 2783 suadentibus,
746 2722 887 2789 postquam
897 2716 940 2772 in·
