1950 3016
131 175 178 229 tat
368 172 695 227 utereturne!
787 163 926 238 (nnat.

129 280 239 349 Usiuiis‚
256 279 384 335 Mattiacis
396 280 538 345 exereitus,
557 278 675 333 satietate
682 273 807 348 praedae,
828 273 929 329 nenia-

129 354 241 408 cruenti.
280 355 311 409 ln
327 355 368 409 via
381 353 516 426 disperses
537 361 563 407 et
576 353 679 407 nescies
698 348 777 405 miles
787 356 877 404 nester
887 348 929 403 irr-

128 436 241 483 vaserat.
261 428 333 495 Ouin
343 439 369 484 et
379 430 485 485 ioricam
498 427 652 498 vallumque
661 442 709 498 per
718 425 786 481 tines
795 423 929 480 suasTre-

128 506 185 559 veri
199 512 329 569 struxere,
346 506 506 577 magnisque
521 504 636 558 invieeru
651 500 773 556 cladibus
787 517 851 557 eum
863 498 928 557 Gn-

129 580 217 633 mauis
232 580 376 644 certabant,
394 579 478 635 denec
491 579 595 651 egregia
610 593 674 651 erga
685 574 817 648 papulum
831 575 928 631 Rema-

128 671 195 709 aum
206 655 298 709 merita
309 672 370 711 men
381 653 491 709 rebelles
502 651 643 709 foedarent.

184 733 225 785 38.
247 730 348 784 Interea
358 729 538 800 Vespasianus·
549 728 645 782 iterum
666 742 697 781 ao
709 725 786 783 Titus
804 724 929 781 oemula-

128 810 188 859 tum
199 804 321 861 absente
332 805 462 871 inierunt;
484 812 583 858 maesta
593 811 619 857 et
629 801 773 872 multiplici
782 810 858 855 metu
866 817 929 855 stas·

128 895 209 949 pensa
221 880 336 943 civitate„
347 896 426 950 quse,
437 895 518 949 super
529 879 652 933 instantia
662 877 742 942 mala,
755 875 837 931 fatsns
847 892 929 947 paue-

127 969 172 1005 res
185 952 320 1008 induerat:
341 958 479 1010 dream
487 957 613 1023 Africam,
627 970 669 1007 res
679 968 759 1007 nenne
769 954 888 1006 awtiente
897 950 926 1005 L

127 1027 226 1083 Pisone.
265 1027 290 1080 ts
300 1037 418 1097 praeerat
431 1029 593 1098 provinciae,
613 1043 785 1099 nequaquam
803 1025 928 1083 turbidus

127 1099 249 1172 ingenie:
271 1101 327 1165 sed,
342 1102 408 1171 quia
421 1120 503 1157 naves
517 1103 627 1159 saevitia
642 1103 740 1157 hiemis
749 1101 928 1173 prohibeban-

127 1181 181 1238 tur,
199 1173 309 1246 vulgus,
323 1174 448 1231 alimenta
461 1179 492 1232 iu
500 1178 559 1233 dies
567 1178 678 1231 mereari
688 1177 807 1240 solitum,
819 1177 865 1230 cni
876 1191 928 1230 una

127 1266 160 1302 ex
171 1249 306 1320 reptdrlica
317 1268 437 1307 annonae
446 1269 519 1317 eura,
527 1253 649 1311 clausum
661 1251 848 1316 litus‚retineri
856 1267 928 1305 carn·

128 1325 549 1413 qeatus,dumtimet‚eredebat;
571 1326 731 1400 augentibus
741 1323 927 1381 famamVital-

128 1395 216 1460 lienis,
237 1402 288 1472 qui
305 1402 426 1457 studium
447 1404 562 1473 partium
584 1401 703 1457 nondum
716 1409 874 1472 posuerant:
895 1414 928 1455 re

128 1475 274 1533 victoribus
288 1477 398 1548 quidem
416 1479 520 1550 ingrate
533 1493 648 1542 rumore,
665 1492 782 1548 querum
796 1475 928 1545 eupidita-

129 1556 177 1613 tes‚
189 1552 305 1605 externis
315 1569 425 1622 queque
435 1551 512 1607 beitis
524 1551 709 1623 inexplebiles,
722 1549 930 1622 nullumquam.

127 1623 216 1678 civilis
226 1625 334 1679 uictoria
343 1627 458 1680 satiavit.
925 1660 929 1665 ·

183 1701 225 1752 39.
239 1698 366 1756 Kalendis
375 1701 505 1754 ianuariis
515 1701 545 1755 in
554 1697 929 1770 senatuquenlutiusurnn

130 1772 212 1834 tinus,
228 1781 330 1840 praetor
341 1774 470 1836 urbanus,
487 1782 633 1840 vacaverat,
651 1773 744 1847 legatis
753 1774 930 1829 exercitibus-

128 1860 181 1913 que
192 1861 222 1898 ac
231 1846 339 1918 regibus
350 1846 442 1901 laudes
451 1856 592 1920 gratesque
600 1849 731 1904 decretae:
752 1857 779 1903 et
787 1849 930 1905 Terfieiu-

128 1916 198 1973 uano
211 1929 343 1989 primurn,
359 1930 491 1991 tamquam
504 1929 733 1993 traueeredr'entem
743 1928 871 1992 inportet
884 1924 928 1976 Ve-

127 1997 246 2060 aperiant
269 1998 392 2064 laetorum
411 2001 575 2062 deseruerat,
596 1999 695 2063 ablata,
716 1998 793 2057 utin
813 1997 932 2056 Plotina

129 2067 262 2139 Griphum
273 2069 467 2127 transferretur.
507 2073 606 2128 Hermo
614 2073 730 2146 dignitas
739 2073 873 2144 equestris
883 2072 930 2127 da-

129 2149 163 2197 ta.
202 2144 237 2201 Et
255 2163 327 2211 mex,
349 2147 468 2202 eiurante
490 2148 626 2212 Frontino,
646 2147 742 2202 Caesar
761 2149 930 2204 Domitianus

127 2225 282 2288 praeturam
288 2223 366 2291 cepit.
383 2222 450 2278 Eius
460 2239 555 2278 nomen
567 2222 685 2293 epistolis
695 2223 843 2295 edictisque
852 2239 930 2294 prae-

127 2294 285 2363 ponebatur,
297 2297 338 2351 vis
348 2313 430 2367 penes
440 2298 594 2352 Mucianum
607 2306 675 2351 erat:
696 2298 750 2351 nisi
759 2297 834 2370 quod
842 2297 930 2370 piera-

128 2384 186 2438 que
192 2369 367 2436 Domitianus,
379 2372 570 2445 instigantibus
580 2373 683 2433 amicis,
695 2379 741 2426 sut
749 2374 858 2444 propria
868 2372 930 2429 lihi-

128 2441 200 2507 dine,
212 2445 334 2501 audebat
352 2445 407 2502 Sed
413 2448 575 2518 praecipuus
584 2447 707 2503 Muciano
717 2455 806 2501 metus
815 2465 830 2500 e
840 2449 931 2507 Primo

128 2515 248 2575 Antonin,
256 2520 379 2593 Varoque
392 2522 483 2577 Arrio:
505 2538 574 2593 ques
588 2529 714 2586 recentes,
735 2520 875 2594 clarosque
887 2539 930 2577 re-

116 2607 185 2651 mae
197 2591 270 2653 sama
285 2614 316 2654 ae
330 2596 454 2656 militurn
466 2595 576 2662 studiis,
594 2595 675 2651 etium
686 2595 930 2666 ququiusieueisat,

106 2668 176 2736 (Μὰ
185 2670 217 2733 ir
227 2676 380 2737 neminem
389 2676 467 2739 ultra
476 2675 568 2735 ueiens
577 2671 744 2729 euenirent·
765 2666 947 2723 15&st
