1950 3016
84 190 208 265 ncic.)
277 200 355 248 mu.
378 202 430 248 ιιι
451 202 539 249 car.
560 202 680 250 ss-sa
836 198 885 253 165

85 302 194 372 saepius
213 318 348 372 prospera.
388 303 409 356 li
430 310 533 357 tantum
552 301 691 359 conflictati
704 312 778 370 sunt,
793 305 884 377 quiin

84 385 187 449 partem
198 377 334 431 sinistram
345 377 431 441 urbis,
444 378 478 432 ad
487 377 662 432 Sallustianos
672 378 770 443 bertas,
780 398 827 451 per
836 399 885 436 au-

84 460 163 525 gusta
173 458 200 505 et
210 450 311 505 lubrica
323 454 427 507 viarum
438 451 573 507 llexeraut.
603 452 788 524 superstantes
796 473 884 511 mace-

84 528 133 582 riis
148 526 288 580 bcrtcrum
297 525 440 592 Vitelliani,
462 527 496 581 ad
507 545 598 582 serum
611 546 700 599 usquc
708 528 790 593 diem,
810 533 884 586 saxis

83 600 204 674 pilisque
217 601 364 655 subeuntes
378 602 513 657 arcebunt:
535 603 619 657 donec
631 603 666 657 ab
677 604 824 675 equitibus,
836 607 883 676 qui

83 685 158 748 porta
168 674 446 747 Collinainruperant,
461 678 726 733 circumvenirentur.
767 678 884 734 Ccucur-

84 768 142 805 rere
150 758 179 804 et
191 751 220 804 iu
231 750 332 822 Campo
341 752 434 806 Martio
448 752 557 806 iulcstae
567 753 646 807 acics.
686 753 737 808 Pro
750 753 884 809 Flavianis

84 824 190 881 senuna
200 834 226 879 et
235 834 309 896 parta
317 827 414 881 totiens
425 828 546 893 victoria,
559 827 692 883 Vitelliani
703 828 885 899 desperatione

83 900 140 956 sula
150 901 279 955 ruebant:
293 909 500 972 at,quamquam
512 901 594 972 pulsi,
602 920 696 959 rursus
706 904 734 958 iu
746 904 812 959 urbe
820 920 884 959 ccu-

83 975 272 1049 grsgabautur.

138 1054 183 1104 83.
204 1049 301 1103 Aderat
314 1050 496 1122 pugnantibus
509 1058 639 1121 spectator
651 1052 782 1124 populus,
799 1062 882 1126 utque

83 1126 112 1181 in
122 1124 227 1180 ludicra
236 1125 388 1187 certamine,
400 1124 459 1189 hos,
472 1142 568 1179 rursus
577 1126 637 1181 illos
647 1126 760 1182 clamere
770 1137 795 1182 et
805 1129 882 1198 plau-

83 1218 116 1255 su
127 1200 246 1255 lcvebat:
267 1201 391 1270 quotiens
403 1216 465 1270 pars
476 1199 556 1254 altera
566 1201 728 1265 inclinasset,
740 1203 842 1257 abditos
853 1204 881 1257 in

82 1276 211 1341 tabernis,
223 1282 278 1338 aut,
290 1274 313 1328 si
323 1291 405 1345 quam
415 1275 443 1329 iu
454 1274 564 1330 danaum
579 1275 758 1346 perlngerant,
771 1278 829 1331 erui
841 1278 883 1331 iu-

82 1349 218 1421 iularique
226 1348 512 1420 expostulantes,parte
521 1349 620 1403 maiore
628 1350 882 1420 praedaepctieban·

82 1432 136 1479 tur.
176 1425 255 1487 Nam,
279 1422 362 1477 milita
382 1424 415 1477 ad
434 1425 593 1496 sanguinem
612 1432 638 1478 et
652 1424 744 1477 caedes
759 1424 881 1488 obverso,

82 1498 168 1571 spolia
177 1500 207 1554 iu
219 1498 317 1570 vulgus
327 1498 462 1553 cedebant.
501 1496 584 1552 Saeva
594 1515 625 1551 ac
633 1496 758 1552 deformis
769 1499 835 1553 urbe
844 1509 882 1554 tc-

81 1583 107 1629 ta
117 1573 209 1629 lanies.
249 1572 321 1627 atini
337 1573 434 1643 proelia
449 1581 475 1626 et
487 1572 609 1638 vulnera;
631 1571 694 1627 alibi
706 1573 825 1628 balineae
835 1591 882 1645 pc

82 1651 231 1721 muneque:
246 1647 329 1702 simul
339 1665 416 1703 cruor
425 1657 451 1702 ct
459 1655 547 1701 strues
557 1664 711 1718 carporum:
727 1649 799 1703 iuxta
809 1666 882 1704 scor-

82 1732 107 1779 ta
116 1734 144 1779 et
156 1724 252 1778 scortis
263 1722 380 1778 similes:
401 1732 532 1794 quantum
547 1724 574 1777 in
585 1723 783 1779 luxuricscotio
793 1723 882 1779 libidi-

82 1816 165 1867 num3
186 1798 317 1870 quicquid
334 1799 362 1852 in
377 1798 547 1852 acerbissima
566 1799 715 1869 captivitate
732 1798 879 1856 scelerum:

81 1891 193 1947 prorsus
205 1882 234 1927 ut
243 1873 353 1927 carrdem
364 1874 496 1927 civitatem
507 1882 533 1926 et
542 1872 629 1927 lurcre
639 1874 758 1929 crederes
768 1884 794 1930 et
804 1875 881 1930 lasci-

82 1951 150 2005 vire.
190 1947 438 2004 Cunllirerantantc
451 1952 545 2002 armati
558 1950 691 2005 exercitus
706 1952 732 2005 in
748 1951 824 2013 urbe,
839 1951 881 2005 bis

81 2024 113 2080 l..
122 2023 209 2089 Sulla,
221 2023 303 2079 semel
314 2022 398 2078 Cinna
410 2023 567 2089 victuribns;
589 2042 638 2079 nec
647 2033 710 2079 tunc
718 2027 810 2079 minus
820 2043 881 2078 cru·

82 2100 212 2157 delitatis:
233 2116 306 2153 nunc
317 2099 463 2152 inhumana
473 2101 644 2161 securitas,et
654 2117 687 2153 ue
696 2102 809 2153 minimo
819 2101 882 2168 quii-

82 2174 142 2229 &m
154 2174 282 2243 temporis
291 2173 438 2242 vuluptates
448 2174 623 2228 intermissae.
654 2174 732 2227 Velut
743 2173 815 2225 lestis
825 2171 881 2225 die-

81 2248 134 2303 bus
149 2248 177 2303 id
191 2248 437 2319 quoqusgandium
450 2248 590 2311 accaleret,
611 2248 788 2309 exstdtabant,
809 2244 881 2299 lrue·

80 2323 189 2387 bantur,
201 2322 274 2376 nulla
286 2322 400 2391 partium
411 2328 484 2383 cura,
497 2323 574 2376 malis
588 2322 703 2392 publicis
716 2321 786 2373 laeti.

135 2400 177 2452 st.
185 2397 335 2450 Plurimum
345 2395 423 2449 molis
432 2397 813 2468 iucppngnatiuuecastrorum
821 2392 880 2455 luit,

81 2490 150 2544 quae
160 2473 308 2526 acerrimus
318 2473 444 2541 quisque,
460 2480 490 2524 ut
499 2473 674 2525 novissimam
683 2484 770 2537 spem,
784 2470 882 2521 retine-

80 2546 154 2602 bant.
185 2547 225 2601 Ec
234 2546 363 2600 intentius
374 2547 494 2608 victores,
508 2546 649 2615 praecipuo
659 2551 777 2596 veterum
788 2543 881 2596 calicr-

80 2621 150 2677 tium
164 2620 266 2683 studio,
285 2629 379 2675 cuncta
393 2620 619 2673 validissimarum
640 2617 749 2671 urbium
769 2618 881 2672 excidiis

80 2706 185 2771 reputa
197 2694 282 2751 simul
296 2695 446 2760 adrnnveut,
463 2695 633 2760 testudinem,
648 2702 793 2760 tormcuva,
802 2710 887 2765 uppe-
