<?xml version="1.0" encoding="UTF-8"?>
<!DOCTYPE html PUBLIC "-//W3C//DTD XHTML 1.0 Transitional//EN"
    "http://www.w3.org/TR/xhtml1/DTD/xhtml1-transitional.dtd">
<html xmlns="http://www.w3.org/1999/xhtml" xml:lang="en" lang="en">
 <head>
  <title>
</title>
<meta http-equiv="Content-Type" content="text/html;charset=utf-8" />
  <meta name='ocr-system' content='tesseract 3.04.00' />
  <meta name='ocr-capabilities' content='ocr_page ocr_carea ocr_par ocr_line ocrx_word'/>
</head>
<body>
  <div class='ocr_page' id='page_1' title='image "./ccorneliitaciti00weisgoog_0166.png"; bbox 0 0 1950 3016; ppageno 0'>
   <div class='ocr_carea' id='block_1_1' title="bbox 62 191 856 267">
    <p class='ocr_par' dir='ltr' id='par_1_1' title="bbox 62 191 856 267">
     <span class='ocr_line' id='line_1_1' title="bbox 62 191 856 267; baseline 0.004 -18"><span class='ocrx_word' id='word_1_1' title='bbox 62 191 187 267; x_wconf 75' lang='lat' dir='ltr'>noan)</span> <span class='ocrx_word' id='word_1_2' title='bbox 256 201 336 248; x_wconf 81' lang='lat' dir='ltr'>niu.</span> <span class='ocrx_word' id='word_1_3' title='bbox 354 200 407 248; x_wconf 80' lang='grc' dir='ltr'>ιη</span> <span class='ocrx_word' id='word_1_4' title='bbox 427 202 517 250; x_wconf 80' lang='lat' dir='ltr'>car.</span> <span class='ocrx_word' id='word_1_5' title='bbox 538 202 661 253; x_wconf 79' lang='lat' dir='ltr'>&#39;ta-ar.</span> <span class='ocrx_word' id='word_1_6' title='bbox 813 201 856 252; x_wconf 82' lang='lat' dir='ltr'>tut</span> 
     </span>
    </p>
   </div>
   <div class='ocr_carea' id='block_1_2' title="bbox 10 300 863 2538">
    <p class='ocr_par' dir='ltr' id='par_1_2' title="bbox 61 300 863 375">
     <span class='ocr_line' id='line_1_2' title="bbox 61 300 863 375; baseline 0.004 -18"><span class='ocrx_word' id='word_1_7' title='bbox 61 302 96 357; x_wconf 91' lang='lat' dir='ltr'>lis</span> <span class='ocrx_word' id='word_1_8' title='bbox 105 300 273 374; x_wconf 86' lang='lat' dir='ltr'>supplicium</span> <span class='ocrx_word' id='word_1_9' title='bbox 282 302 400 373; x_wconf 83' lang='lat' dir='ltr'>poscenti</span> <span class='ocrx_word' id='word_1_10' title='bbox 410 302 622 374; x_wconf 87' lang='lat' dir='ltr'>populorastltit,</span> <span class='ocrx_word' id='word_1_11' title='bbox 631 303 796 375; x_wconf 90' lang='lat' dir='ltr'>placatus,ao</span> <span class='ocrx_word' id='word_1_12' title='bbox 805 305 863 361; x_wconf 87' lang='lat' dir='ltr'>vel-</span> 
     </span>
    </p>

    <p class='ocr_par' dir='ltr' id='par_1_3' title="bbox 59 377 862 451">
     <span class='ocr_line' id='line_1_3' title="bbox 59 377 862 451; baseline 0.004 -18"><span class='ocrx_word' id='word_1_13' title='bbox 59 387 91 433; x_wconf 90' lang='lat' dir='ltr'>ut</span> <span class='ocrx_word' id='word_1_14' title='bbox 102 379 191 433; x_wconf 70' lang='lat' dir='ltr'>unam</span> <span class='ocrx_word' id='word_1_15' title='bbox 201 377 324 443; x_wconf 87' lang='lat' dir='ltr'>reddens,</span> <span class='ocrx_word' id='word_1_16' title='bbox 335 378 408 449; x_wconf 92' lang='lat' dir='ltr'>quod</span> <span class='ocrx_word' id='word_1_17' title='bbox 417 379 650 451; x_wconf 73' lang='lat' dir='ltr'>interrogantibus,</span> <span class='ocrx_word' id='word_1_18' title='bbox 664 386 724 449; x_wconf 79' lang='lat' dir='ltr'>quia</span> <span class='ocrx_word' id='word_1_19' title='bbox 735 380 862 448; x_wconf 82' lang='lat' dir='ltr'>Capitoli-</span> 
     </span>
    </p>

    <p class='ocr_par' dir='ltr' id='par_1_4' title="bbox 60 452 862 527">
     <span class='ocr_line' id='line_1_4' title="bbox 60 452 862 527; baseline 0.006 -21"><span class='ocrx_word' id='word_1_20' title='bbox 60 471 105 507; x_wconf 87' lang='lat' dir='ltr'>um</span> <span class='ocrx_word' id='word_1_21' title='bbox 117 457 282 515; x_wconf 66' lang='lat' dir='ltr'>incendisset,</span> <span class='ocrx_word' id='word_1_22' title='bbox 297 468 327 506; x_wconf 91' lang='lat' dir='ltr'>sa</span> <span class='ocrx_word' id='word_1_23' title='bbox 340 469 416 506; x_wconf 90' lang='lat' dir='ltr'>reurn</span> <span class='ocrx_word' id='word_1_24' title='bbox 430 452 684 519; x_wconf 81' lang='lat' dir='ltr'>Atticusobtulerat3</span> <span class='ocrx_word' id='word_1_25' title='bbox 704 472 789 527; x_wconf 83' lang='lat' dir='ltr'>eaque</span> <span class='ocrx_word' id='word_1_26' title='bbox 798 474 862 511; x_wconf 89' lang='lat' dir='ltr'>ron·</span> 
     </span>
    </p>

    <p class='ocr_par' dir='ltr' id='par_1_5' title="bbox 61 526 860 597">
     <span class='ocr_line' id='line_1_5' title="bbox 61 526 860 597; baseline 0.005 -16"><span class='ocrx_word' id='word_1_27' title='bbox 61 526 186 591; x_wconf 82' lang='lat' dir='ltr'>lassione,</span> <span class='ocrx_word' id='word_1_28' title='bbox 194 529 253 582; x_wconf 85' lang='lat' dir='ltr'>sive</span> <span class='ocrx_word' id='word_1_29' title='bbox 262 536 354 597; x_wconf 88' lang='lat' dir='ltr'>aptum</span> <span class='ocrx_word' id='word_1_30' title='bbox 365 530 477 597; x_wconf 79' lang='lat' dir='ltr'><strong>tempori</strong></span> <span class='ocrx_word' id='word_1_31' title='bbox 488 528 656 582; x_wconf 76' lang='lat' dir='ltr'>mendacium</span> <span class='ocrx_word' id='word_1_32' title='bbox 666 527 724 592; x_wconf 85' lang='lat' dir='ltr'>luit,</span> <span class='ocrx_word' id='word_1_33' title='bbox 731 531 860 585; x_wconf 82' lang='lat' dir='ltr'>invidiam</span> 
     </span>
    </p>

    <p class='ocr_par' dir='ltr' id='par_1_6' title="bbox 10 602 862 733">
     <span class='ocr_line' id='line_1_6' title="bbox 59 602 862 731; baseline 0.005 -76"><span class='ocrx_word' id='word_1_34' title='bbox 59 604 219 731; x_wconf 55' lang='lat' dir='ltr'>cqiffienqus</span> <span class='ocrx_word' id='word_1_35' title='bbox 228 603 378 674; x_wconf 84' lang='lat' dir='ltr'>agnovisse,</span> <span class='ocrx_word' id='word_1_36' title='bbox 389 611 415 656; x_wconf 84' lang='lat' dir='ltr'>at</span> <span class='ocrx_word' id='word_1_37' title='bbox 424 618 439 655; x_wconf 92' lang='lat' dir='ltr'>a</span> <span class='ocrx_word' id='word_1_38' title='bbox 448 603 570 673; x_wconf 86' lang='lat' dir='ltr'>partibus</span> <span class='ocrx_word' id='word_1_39' title='bbox 578 602 676 659; x_wconf 86' lang='lat' dir='ltr'>Vitellii</span> <span class='ocrx_word' id='word_1_40' title='bbox 686 604 811 659; x_wconf 88' lang='lat' dir='ltr'>amolitus</span> <span class='ocrx_word' id='word_1_41' title='bbox 820 608 862 659; x_wconf 89' lang='lat' dir='ltr'>vi-</span> 
     </span>
     <span class='ocr_line' id='line_1_7' title="bbox 10 677 182 733; baseline -0.017 0"><span class='ocrx_word' id='word_1_42' title='bbox 10 724 12 733; x_wconf 93' lang='lat'>.</span> <span class='ocrx_word' id='word_1_43' title='bbox 59 677 76 730; x_wconf 97' lang='lat' dir='ltr'>d</span> <span class='ocrx_word' id='word_1_44' title='bbox 129 684 182 731; x_wconf 92' lang='lat' dir='ltr'>tur.</span> 
     </span>
    </p>

    <p class='ocr_par' dir='ltr' id='par_1_7' title="bbox 59 749 863 1718">
     <span class='ocr_line' id='line_1_8' title="bbox 114 749 862 824; baseline 0.007 -19"><span class='ocrx_word' id='word_1_45' title='bbox 114 752 159 805; x_wconf 74' lang='grc' dir='ltr'>Ἰθ.</span> <span class='ocrx_word' id='word_1_46' title='bbox 181 750 279 804; x_wconf 87' lang='lat' dir='ltr'>lisdem</span> <span class='ocrx_word' id='word_1_47' title='bbox 293 749 389 804; x_wconf 88' lang='lat' dir='ltr'>diebus</span> <span class='ocrx_word' id='word_1_48' title='bbox 402 751 433 805; x_wconf 88' lang='lat' dir='ltr'>L.</span> <span class='ocrx_word' id='word_1_49' title='bbox 444 749 577 815; x_wconf 75' lang='lat' dir='ltr'>Vitellius,</span> <span class='ocrx_word' id='word_1_50' title='bbox 593 753 687 823; x_wconf 88' lang='lat' dir='ltr'>positis</span> <span class='ocrx_word' id='word_1_51' title='bbox 701 754 772 824; x_wconf 88' lang='lat' dir='ltr'>apud</span> <span class='ocrx_word' id='word_1_52' title='bbox 782 755 862 810; x_wconf 84' lang='lat' dir='ltr'>Fero-</span> 
     </span>
     <span class='ocr_line' id='line_1_9' title="bbox 60 824 862 888; baseline 0.004 -8"><span class='ocrx_word' id='word_1_53' title='bbox 60 826 135 880; x_wconf 85' lang='lat' dir='ltr'>niam</span> <span class='ocrx_word' id='word_1_54' title='bbox 144 826 248 888; x_wconf 87' lang='lat' dir='ltr'>nastris,</span> <span class='ocrx_word' id='word_1_55' title='bbox 260 824 364 879; x_wconf 84' lang='lat' dir='ltr'>excidio</span> <span class='ocrx_word' id='word_1_56' title='bbox 373 824 529 879; x_wconf 88' lang='lat' dir='ltr'>Tarracinae</span> <span class='ocrx_word' id='word_1_57' title='bbox 538 827 698 882; x_wconf 83' lang='lat' dir='ltr'>inminebat:</span> <span class='ocrx_word' id='word_1_58' title='bbox 719 827 818 884; x_wconf 83' lang='lat' dir='ltr'>clarrsis</span> <span class='ocrx_word' id='word_1_59' title='bbox 828 830 862 883; x_wconf 90' lang='lat' dir='ltr'>il-</span> 
     </span>
     <span class='ocr_line' id='line_1_10' title="bbox 60 899 859 974; baseline 0.003 -19"><span class='ocrx_word' id='word_1_60' title='bbox 60 900 96 955; x_wconf 93' lang='lat' dir='ltr'>lln</span> <span class='ocrx_word' id='word_1_61' title='bbox 105 899 298 973; x_wconf 72' lang='lat' dir='ltr'>gladiatoribus</span> <span class='ocrx_word' id='word_1_62' title='bbox 308 900 520 972; x_wconf 75' lang='lat' dir='ltr'>remigibusque,</span> <span class='ocrx_word' id='word_1_63' title='bbox 527 902 574 971; x_wconf 90' lang='lat' dir='ltr'>qui</span> <span class='ocrx_word' id='word_1_64' title='bbox 585 918 637 956; x_wconf 93' lang='lat' dir='ltr'>non</span> <span class='ocrx_word' id='word_1_65' title='bbox 648 902 736 974; x_wconf 85' lang='lat' dir='ltr'>egredi</span> <span class='ocrx_word' id='word_1_66' title='bbox 746 906 859 969; x_wconf 86' lang='lat' dir='ltr'>moenia,</span> 
     </span>
     <span class='ocr_line' id='line_1_11' title="bbox 60 973 861 1047; baseline 0.005 -19"><span class='ocrx_word' id='word_1_67' title='bbox 60 990 151 1047; x_wconf 86' lang='lat' dir='ltr'>neque</span> <span class='ocrx_word' id='word_1_68' title='bbox 161 973 311 1045; x_wconf 88' lang='lat' dir='ltr'>periculum</span> <span class='ocrx_word' id='word_1_69' title='bbox 321 975 351 1028; x_wconf 91' lang='lat' dir='ltr'>in</span> <span class='ocrx_word' id='word_1_70' title='bbox 361 983 450 1045; x_wconf 82' lang='lat' dir='ltr'>aperto</span> <span class='ocrx_word' id='word_1_71' title='bbox 459 974 600 1030; x_wconf 88' lang='lat' dir='ltr'>audebant.</span> <span class='ocrx_word' id='word_1_72' title='bbox 635 977 762 1037; x_wconf 77' lang='lat' dir='ltr'>Praeerat,</span> <span class='ocrx_word' id='word_1_73' title='bbox 775 988 861 1033; x_wconf 82' lang='lat' dir='ltr'>artau-</span> 
     </span>
     <span class='ocr_line' id='line_1_12' title="bbox 60 1049 860 1123; baseline 0.006 -20"><span class='ocrx_word' id='word_1_74' title='bbox 60 1066 108 1121; x_wconf 89' lang='lat' dir='ltr'>pra</span> <span class='ocrx_word' id='word_1_75' title='bbox 122 1049 344 1113; x_wconf 75' lang='lat' dir='ltr'>memoravimus,</span> <span class='ocrx_word' id='word_1_76' title='bbox 358 1049 479 1104; x_wconf 87' lang='lat' dir='ltr'>lulianus</span> <span class='ocrx_word' id='word_1_77' title='bbox 488 1049 687 1122; x_wconf 77' lang='lat' dir='ltr'>gladiatoribus,</span> <span class='ocrx_word' id='word_1_78' title='bbox 699 1052 860 1123; x_wconf 81' lang='lat' dir='ltr'>Apollinaris</span> 
     </span>
     <span class='ocr_line' id='line_1_13' title="bbox 59 1122 858 1201; baseline 0.004 -22"><span class='ocrx_word' id='word_1_79' title='bbox 59 1124 227 1198; x_wconf 85' lang='lat' dir='ltr'>remigibus,</span> <span class='ocrx_word' id='word_1_80' title='bbox 247 1122 355 1177; x_wconf 84' lang='lat' dir='ltr'>lascivia</span> <span class='ocrx_word' id='word_1_81' title='bbox 373 1124 548 1195; x_wconf 81' lang='lat' dir='ltr'>socordiaque</span> <span class='ocrx_word' id='word_1_82' title='bbox 565 1125 740 1198; x_wconf 79' lang='lat' dir='ltr'>gladiatorum</span> <span class='ocrx_word' id='word_1_83' title='bbox 762 1130 858 1201; x_wconf 80' lang='lat' dir='ltr'>magis,</span> 
     </span>
     <span class='ocr_line' id='line_1_14' title="bbox 61 1198 860 1273; baseline 0.004 -20"><span class='ocrx_word' id='word_1_84' title='bbox 61 1214 143 1272; x_wconf 89' lang='lat' dir='ltr'>quarn</span> <span class='ocrx_word' id='word_1_85' title='bbox 164 1198 266 1252; x_wconf 90' lang='lat' dir='ltr'>ducum</span> <span class='ocrx_word' id='word_1_86' title='bbox 284 1198 400 1265; x_wconf 66' lang='lat' dir='ltr'>similem</span> <span class='ocrx_word' id='word_1_87' title='bbox 422 1216 475 1253; x_wconf 91' lang='lat' dir='ltr'>non</span> <span class='ocrx_word' id='word_1_88' title='bbox 487 1199 595 1271; x_wconf 82' lang='lat' dir='ltr'>vigilius</span> <span class='ocrx_word' id='word_1_89' title='bbox 608 1216 694 1273; x_wconf 83' lang='lat' dir='ltr'>agere,</span> <span class='ocrx_word' id='word_1_90' title='bbox 710 1218 762 1255; x_wconf 89' lang='lat' dir='ltr'>non</span> <span class='ocrx_word' id='word_1_91' title='bbox 775 1204 860 1256; x_wconf 85' lang='lat' dir='ltr'>intuta</span> 
     </span>
     <span class='ocr_line' id='line_1_15' title="bbox 62 1272 862 1344; baseline 0.001 -16"><span class='ocrx_word' id='word_1_92' title='bbox 62 1274 200 1330; x_wconf 88' lang='lat' dir='ltr'>moenium</span> <span class='ocrx_word' id='word_1_93' title='bbox 214 1272 333 1341; x_wconf 86' lang='lat' dir='ltr'>firmare;</span> <span class='ocrx_word' id='word_1_94' title='bbox 355 1281 433 1328; x_wconf 90' lang='lat' dir='ltr'>noctu</span> <span class='ocrx_word' id='word_1_95' title='bbox 447 1275 545 1344; x_wconf 87' lang='lat' dir='ltr'>dieque</span> <span class='ocrx_word' id='word_1_96' title='bbox 560 1272 626 1327; x_wconf 89' lang='lat' dir='ltr'>lluxi</span> <span class='ocrx_word' id='word_1_97' title='bbox 640 1282 665 1327; x_wconf 87' lang='lat' dir='ltr'>et</span> <span class='ocrx_word' id='word_1_98' title='bbox 679 1291 788 1328; x_wconf 90' lang='lat' dir='ltr'>amoena</span> <span class='ocrx_word' id='word_1_99' title='bbox 804 1276 862 1329; x_wconf 90' lang='lat' dir='ltr'>lito-</span> 
     </span>
     <span class='ocr_line' id='line_1_16' title="bbox 60 1347 862 1419; baseline -0.002 -16"><span class='ocrx_word' id='word_1_100' title='bbox 60 1366 122 1403; x_wconf 90' lang='lat' dir='ltr'>rum</span> <span class='ocrx_word' id='word_1_101' title='bbox 132 1356 314 1419; x_wconf 85' lang='lat' dir='ltr'>personantes,</span> <span class='ocrx_word' id='word_1_102' title='bbox 325 1348 353 1400; x_wconf 88' lang='lat' dir='ltr'>in</span> <span class='ocrx_word' id='word_1_103' title='bbox 364 1350 545 1402; x_wconf 89' lang='lat' dir='ltr'>ministerium</span> <span class='ocrx_word' id='word_1_104' title='bbox 557 1347 637 1401; x_wconf 90' lang='lat' dir='ltr'>luxus</span> <span class='ocrx_word' id='word_1_105' title='bbox 649 1348 779 1417; x_wconf 81' lang='lat' dir='ltr'>dispersis</span> <span class='ocrx_word' id='word_1_106' title='bbox 789 1349 862 1402; x_wconf 91' lang='lat' dir='ltr'>mili-</span> 
     </span>
     <span class='ocr_line' id='line_1_17' title="bbox 61 1421 859 1492; baseline 0.001 -15"><span class='ocrx_word' id='word_1_107' title='bbox 61 1425 150 1487; x_wconf 86' lang='lat' dir='ltr'>tibus,</span> <span class='ocrx_word' id='word_1_108' title='bbox 176 1422 211 1476; x_wconf 88' lang='lat' dir='ltr'>de</span> <span class='ocrx_word' id='word_1_109' title='bbox 233 1421 303 1476; x_wconf 88' lang='lat' dir='ltr'>ballo</span> <span class='ocrx_word' id='word_1_110' title='bbox 320 1430 422 1476; x_wconf 89' lang='lat' dir='ltr'>tantum</span> <span class='ocrx_word' id='word_1_111' title='bbox 443 1424 514 1476; x_wconf 87' lang='lat' dir='ltr'>inter</span> <span class='ocrx_word' id='word_1_112' title='bbox 531 1423 655 1476; x_wconf 82' lang='lat' dir='ltr'>convivia</span> <span class='ocrx_word' id='word_1_113' title='bbox 674 1421 859 1492; x_wconf 86' lang='lat' dir='ltr'>loquebantur.</span> 
     </span>
     <span class='ocr_line' id='line_1_18' title="bbox 61 1495 862 1567; baseline 0 -15"><span class='ocrx_word' id='word_1_114' title='bbox 61 1498 163 1552; x_wconf 83' lang='lat' dir='ltr'>Paucos</span> <span class='ocrx_word' id='word_1_115' title='bbox 172 1504 233 1551; x_wconf 84' lang='lat' dir='ltr'>ants</span> <span class='ocrx_word' id='word_1_116' title='bbox 241 1497 299 1551; x_wconf 88' lang='lat' dir='ltr'>dics</span> <span class='ocrx_word' id='word_1_117' title='bbox 307 1497 464 1551; x_wconf 83' lang='lat' dir='ltr'>discesserat</span> <span class='ocrx_word' id='word_1_118' title='bbox 475 1495 670 1566; x_wconf 75' lang='lat' dir='ltr'>ApiniusTirn:</span> <span class='ocrx_word' id='word_1_119' title='bbox 690 1496 822 1567; x_wconf 88' lang='lat' dir='ltr'>donisque</span> <span class='ocrx_word' id='word_1_120' title='bbox 832 1512 862 1552; x_wconf 86' lang='lat' dir='ltr'>ae</span> 
     </span>
     <span class='ocr_line' id='line_1_19' title="bbox 61 1569 863 1644; baseline 0 -18"><span class='ocrx_word' id='word_1_121' title='bbox 61 1572 184 1644; x_wconf 89' lang='lat' dir='ltr'>pecuniis</span> <span class='ocrx_word' id='word_1_122' title='bbox 193 1572 286 1625; x_wconf 88' lang='lat' dir='ltr'>acerbe</span> <span class='ocrx_word' id='word_1_123' title='bbox 294 1588 342 1642; x_wconf 87' lang='lat' dir='ltr'>per</span> <span class='ocrx_word' id='word_1_124' title='bbox 351 1572 498 1642; x_wconf 87' lang='lat' dir='ltr'>municipia</span> <span class='ocrx_word' id='word_1_125' title='bbox 509 1569 707 1642; x_wconf 85' lang='lat' dir='ltr'>conquirendis,</span> <span class='ocrx_word' id='word_1_126' title='bbox 719 1571 781 1642; x_wconf 93' lang='lat' dir='ltr'>plus</span> <span class='ocrx_word' id='word_1_127' title='bbox 792 1573 863 1626; x_wconf 89' lang='lat' dir='ltr'>invi-</span> 
     </span>
     <span class='ocr_line' id='line_1_20' title="bbox 60 1646 582 1718; baseline -0.006 -16"><span class='ocrx_word' id='word_1_128' title='bbox 60 1648 119 1702; x_wconf 86' lang='lat' dir='ltr'>diae</span> <span class='ocrx_word' id='word_1_129' title='bbox 127 1662 212 1718; x_wconf 87' lang='lat' dir='ltr'>qnam</span> <span class='ocrx_word' id='word_1_130' title='bbox 223 1646 322 1699; x_wconf 78' lang='lat' dir='ltr'>virium</span> <span class='ocrx_word' id='word_1_131' title='bbox 333 1648 454 1716; x_wconf 86' lang='lat' dir='ltr'>pertibus</span> <span class='ocrx_word' id='word_1_132' title='bbox 462 1646 582 1700; x_wconf 87' lang='lat' dir='ltr'>addebat.</span> 
     </span>
    </p>

    <p class='ocr_par' dir='ltr' id='par_1_8' title="bbox 60 1720 861 2538">
     <span class='ocr_line' id='line_1_21' title="bbox 113 1720 860 1794; baseline 0.003 -19"><span class='ocrx_word' id='word_1_133' title='bbox 113 1724 159 1775; x_wconf 74' lang='lat'>77.</span> <span class='ocrx_word' id='word_1_134' title='bbox 181 1721 291 1773; x_wconf 85' lang='lat' dir='ltr'>interim</span> <span class='ocrx_word' id='word_1_135' title='bbox 304 1721 338 1774; x_wconf 92' lang='lat' dir='ltr'>ad</span> <span class='ocrx_word' id='word_1_136' title='bbox 353 1723 384 1774; x_wconf 88' lang='lat' dir='ltr'>L.</span> <span class='ocrx_word' id='word_1_137' title='bbox 396 1720 533 1775; x_wconf 83' lang='lat' dir='ltr'>Vitellium</span> <span class='ocrx_word' id='word_1_138' title='bbox 548 1736 643 1774; x_wconf 88' lang='lat' dir='ltr'>servus</span> <span class='ocrx_word' id='word_1_139' title='bbox 652 1720 771 1794; x_wconf 84' lang='lat' dir='ltr'>Verginii</span> <span class='ocrx_word' id='word_1_140' title='bbox 781 1722 860 1793; x_wconf 85' lang='lat' dir='ltr'>Capi-</span> 
     </span>
     <span class='ocr_line' id='line_1_22' title="bbox 61 1792 858 1866; baseline 0 -15"><span class='ocrx_word' id='word_1_141' title='bbox 61 1798 130 1853; x_wconf 83' lang='lat' dir='ltr'>tonis</span> <span class='ocrx_word' id='word_1_142' title='bbox 150 1792 278 1866; x_wconf 75' lang='lat' dir='ltr'>perfugit,</span> <span class='ocrx_word' id='word_1_143' title='bbox 298 1793 496 1866; x_wconf 82' lang='lat' dir='ltr'>pollicitusque,</span> <span class='ocrx_word' id='word_1_144' title='bbox 516 1800 541 1849; x_wconf 79' lang='lat' dir='ltr'>si</span> <span class='ocrx_word' id='word_1_145' title='bbox 548 1800 709 1862; x_wconf 78' lang='lat' dir='ltr'>praesidium</span> <span class='ocrx_word' id='word_1_146' title='bbox 722 1804 858 1866; x_wconf 82' lang='lat' dir='ltr'>acciperet,</span> 
     </span>
     <span class='ocr_line' id='line_1_23' title="bbox 61 1869 861 1943; baseline 0.003 -18"><span class='ocrx_word' id='word_1_147' title='bbox 61 1888 172 1925; x_wconf 84' lang='lat' dir='ltr'>uacunm</span> <span class='ocrx_word' id='word_1_148' title='bbox 184 1886 273 1923; x_wconf 85' lang='lat' dir='ltr'>orcam</span> <span class='ocrx_word' id='word_1_149' title='bbox 287 1874 454 1931; x_wconf 84' lang='lat' dir='ltr'>traditurum,</span> <span class='ocrx_word' id='word_1_150' title='bbox 469 1869 552 1923; x_wconf 90' lang='lat' dir='ltr'>multa</span> <span class='ocrx_word' id='word_1_151' title='bbox 566 1879 640 1924; x_wconf 85' lang='lat' dir='ltr'>noete</span> <span class='ocrx_word' id='word_1_152' title='bbox 648 1871 766 1926; x_wconf 88' lang='lat' dir='ltr'>cobortes</span> <span class='ocrx_word' id='word_1_153' title='bbox 780 1890 861 1943; x_wconf 81' lang='lat' dir='ltr'>expe-</span> 
     </span>
     <span class='ocr_line' id='line_1_24' title="bbox 60 1944 860 2016; baseline 0.004 -19"><span class='ocrx_word' id='word_1_154' title='bbox 60 1944 138 2010; x_wconf 88' lang='lat' dir='ltr'>ditas,</span> <span class='ocrx_word' id='word_1_155' title='bbox 150 1944 270 1999; x_wconf 88' lang='lat' dir='ltr'>summis</span> <span class='ocrx_word' id='word_1_156' title='bbox 280 1944 410 1997; x_wconf 89' lang='lat' dir='ltr'>montium</span> <span class='ocrx_word' id='word_1_157' title='bbox 420 1945 503 2016; x_wconf 87' lang='lat' dir='ltr'>iugis,</span> <span class='ocrx_word' id='word_1_158' title='bbox 516 1962 597 2015; x_wconf 88' lang='lat' dir='ltr'>super</span> <span class='ocrx_word' id='word_1_159' title='bbox 607 1954 686 2016; x_wconf 88' lang='lat' dir='ltr'>caput</span> <span class='ocrx_word' id='word_1_160' title='bbox 696 1947 811 2001; x_wconf 86' lang='lat' dir='ltr'>boetium</span> <span class='ocrx_word' id='word_1_161' title='bbox 823 1949 860 2000; x_wconf 88' lang='lat' dir='ltr'>si-</span> 
     </span>
     <span class='ocr_line' id='line_1_25' title="bbox 60 2018 860 2093; baseline -0.001 -19"><span class='ocrx_word' id='word_1_162' title='bbox 60 2022 113 2075; x_wconf 86' lang='lat' dir='ltr'>stit.</span> <span class='ocrx_word' id='word_1_163' title='bbox 155 2018 222 2073; x_wconf 87' lang='lat' dir='ltr'>lnda</span> <span class='ocrx_word' id='word_1_164' title='bbox 235 2018 313 2071; x_wconf 83' lang='lat' dir='ltr'>miles</span> <span class='ocrx_word' id='word_1_165' title='bbox 327 2018 359 2071; x_wconf 91' lang='lat' dir='ltr'>ad</span> <span class='ocrx_word' id='word_1_166' title='bbox 372 2019 478 2072; x_wconf 87' lang='lat' dir='ltr'>caedem</span> <span class='ocrx_word' id='word_1_167' title='bbox 491 2021 588 2093; x_wconf 81' lang='lat' dir='ltr'>magis,</span> <span class='ocrx_word' id='word_1_168' title='bbox 603 2036 685 2091; x_wconf 88' lang='lat' dir='ltr'>quam</span> <span class='ocrx_word' id='word_1_169' title='bbox 697 2021 729 2074; x_wconf 90' lang='lat' dir='ltr'>ad</span> <span class='ocrx_word' id='word_1_170' title='bbox 741 2036 860 2092; x_wconf 86' lang='lat' dir='ltr'>pugnam</span> 
     </span>
     <span class='ocr_line' id='line_1_26' title="bbox 60 2091 861 2164; baseline -0.005 -14"><span class='ocrx_word' id='word_1_171' title='bbox 60 2095 187 2150; x_wconf 83' lang='lat' dir='ltr'>decurrit.</span> <span class='ocrx_word' id='word_1_172' title='bbox 228 2091 355 2147; x_wconf 85' lang='lat' dir='ltr'>Sternunt</span> <span class='ocrx_word' id='word_1_173' title='bbox 373 2094 498 2159; x_wconf 86' lang='lat' dir='ltr'>inermes,</span> <span class='ocrx_word' id='word_1_174' title='bbox 518 2104 565 2148; x_wconf 91' lang='lat' dir='ltr'>aut</span> <span class='ocrx_word' id='word_1_175' title='bbox 582 2111 656 2148; x_wconf 86' lang='lat' dir='ltr'>arma</span> <span class='ocrx_word' id='word_1_176' title='bbox 671 2097 813 2164; x_wconf 85' lang='lat' dir='ltr'>capientes,</span> <span class='ocrx_word' id='word_1_177' title='bbox 835 2102 861 2147; x_wconf 92' lang='lat' dir='ltr'>et</span> 
     </span>
     <span class='ocr_line' id='line_1_27' title="bbox 60 2168 860 2242; baseline -0.004 -19"><span class='ocrx_word' id='word_1_178' title='bbox 60 2170 193 2242; x_wconf 83' lang='lat' dir='ltr'>quosdam</span> <span class='ocrx_word' id='word_1_179' title='bbox 207 2183 303 2222; x_wconf 84' lang='lat' dir='ltr'>somna</span> <span class='ocrx_word' id='word_1_180' title='bbox 316 2168 425 2232; x_wconf 83' lang='lat' dir='ltr'>excitos,</span> <span class='ocrx_word' id='word_1_181' title='bbox 441 2185 503 2222; x_wconf 91' lang='lat' dir='ltr'>cum</span> <span class='ocrx_word' id='word_1_182' title='bbox 514 2169 640 2234; x_wconf 88' lang='lat' dir='ltr'>tenebris,</span> <span class='ocrx_word' id='word_1_183' title='bbox 652 2186 758 2239; x_wconf 82' lang='lat' dir='ltr'>pavore,</span> <span class='ocrx_word' id='word_1_184' title='bbox 771 2169 860 2222; x_wconf 91' lang='lat' dir='ltr'>sonitu</span> 
     </span>
     <span class='ocr_line' id='line_1_28' title="bbox 60 2242 861 2314; baseline -0.005 -16"><span class='ocrx_word' id='word_1_185' title='bbox 60 2242 325 2306; x_wconf 66' lang='lat' dir='ltr'>tartarumctamora</span> <span class='ocrx_word' id='word_1_186' title='bbox 334 2243 423 2297; x_wconf 86' lang='lat' dir='ltr'>hostili</span> <span class='ocrx_word' id='word_1_187' title='bbox 433 2243 611 2298; x_wconf 88' lang='lat' dir='ltr'>turbarentur.</span> <span class='ocrx_word' id='word_1_188' title='bbox 644 2242 861 2314; x_wconf 87' lang='lat' dir='ltr'>Pauciglndiato-</span> 
     </span>
     <span class='ocr_line' id='line_1_29' title="bbox 61 2317 860 2389; baseline -0.001 -18"><span class='ocrx_word' id='word_1_189' title='bbox 61 2336 120 2373; x_wconf 88' lang='lat' dir='ltr'>rum</span> <span class='ocrx_word' id='word_1_190' title='bbox 130 2320 296 2379; x_wconf 85' lang='lat' dir='ltr'>resistentes,</span> <span class='ocrx_word' id='word_1_191' title='bbox 308 2334 396 2389; x_wconf 85' lang='lat' dir='ltr'>neque</span> <span class='ocrx_word' id='word_1_192' title='bbox 403 2317 483 2372; x_wconf 91' lang='lat' dir='ltr'>inulti</span> <span class='ocrx_word' id='word_1_193' title='bbox 492 2319 623 2372; x_wconf 86' lang='lat' dir='ltr'>cecidere:</span> <span class='ocrx_word' id='word_1_194' title='bbox 644 2318 723 2371; x_wconf 86' lang='lat' dir='ltr'>ceteri</span> <span class='ocrx_word' id='word_1_195' title='bbox 737 2317 769 2369; x_wconf 94' lang='lat' dir='ltr'>ad</span> <span class='ocrx_word' id='word_1_196' title='bbox 780 2332 860 2370; x_wconf 84' lang='lat' dir='ltr'>naves</span> 
     </span>
     <span class='ocr_line' id='line_1_30' title="bbox 61 2391 861 2463; baseline -0.005 -16"><span class='ocrx_word' id='word_1_197' title='bbox 61 2395 183 2456; x_wconf 82' lang='lat' dir='ltr'>urebant,</span> <span class='ocrx_word' id='word_1_198' title='bbox 199 2392 248 2446; x_wconf 90' lang='lat' dir='ltr'>ubi</span> <span class='ocrx_word' id='word_1_199' title='bbox 258 2402 352 2446; x_wconf 87' lang='lat' dir='ltr'>cuncta</span> <span class='ocrx_word' id='word_1_200' title='bbox 362 2394 420 2463; x_wconf 90' lang='lat' dir='ltr'>pari</span> <span class='ocrx_word' id='word_1_201' title='bbox 431 2391 571 2448; x_wconf 81' lang='lat' dir='ltr'>inuuidine</span> <span class='ocrx_word' id='word_1_202' title='bbox 582 2391 785 2462; x_wconf 89' lang='lat' dir='ltr'>inplicabantur,</span> <span class='ocrx_word' id='word_1_203' title='bbox 800 2406 861 2461; x_wconf 81' lang='lat' dir='ltr'>par-</span> 
     </span>
     <span class='ocr_line' id='line_1_31' title="bbox 62 2464 861 2538; baseline -0.001 -18"><span class='ocrx_word' id='word_1_204' title='bbox 62 2470 156 2521; x_wconf 81' lang='lat' dir='ltr'>mixtie</span> <span class='ocrx_word' id='word_1_205' title='bbox 169 2467 292 2538; x_wconf 85' lang='lat' dir='ltr'>paganis,</span> <span class='ocrx_word' id='word_1_206' title='bbox 307 2484 376 2537; x_wconf 89' lang='lat' dir='ltr'>quos</span> <span class='ocrx_word' id='word_1_207' title='bbox 389 2467 463 2523; x_wconf 89' lang='lat' dir='ltr'>nullo</span> <span class='ocrx_word' id='word_1_208' title='bbox 471 2467 626 2522; x_wconf 84' lang='lat' dir='ltr'>discrimine</span> <span class='ocrx_word' id='word_1_209' title='bbox 636 2464 768 2519; x_wconf 85' lang='lat' dir='ltr'>Vitelliani</span> <span class='ocrx_word' id='word_1_210' title='bbox 779 2466 861 2519; x_wconf 88' lang='lat' dir='ltr'>truci-</span> 
     </span>
    </p>
   </div>
   <div class='ocr_carea' id='block_1_3' title="bbox 54 2540 905 2695">
    <p class='ocr_par' dir='ltr' id='par_1_9' title="bbox 54 2540 905 2695">
     <span class='ocr_line' id='line_1_32' title="bbox 60 2540 880 2616; baseline -0.004 -21"><span class='ocrx_word' id='word_1_211' title='bbox 60 2540 169 2595; x_wconf 84' lang='lat' dir='ltr'>dabant.</span> <span class='ocrx_word' id='word_1_212' title='bbox 202 2540 880 2616; x_wconf 70' lang='lat' dir='ltr'>Saxbiburnicaeinterprimumtumulturueaa-</span> 
     </span>
     <span class='ocr_line' id='line_1_33' title="bbox 54 2614 905 2695; baseline -0.016 -17"><span class='ocrx_word' id='word_1_213' title='bbox 54 2632 121 2675; x_wconf 62' lang='lat' dir='ltr'>mr</span> <span class='ocrx_word' id='word_1_214' title='bbox 143 2615 172 2666; x_wconf 70' lang='lat'><strong><em>¹¹¹1</em></strong></span> <span class='ocrx_word' id='word_1_215' title='bbox 190 2616 255 2684; x_wconf 62' lang='lat'><em>‘1⁹¹3</em></span> <span class='ocrx_word' id='word_1_216' title='bbox 264 2616 421 2687; x_wconf 74' lang='lat' dir='ltr'>praefectus</span> <span class='ocrx_word' id='word_1_217' title='bbox 437 2621 540 2679; x_wconf 83' lang='lat' dir='ltr'>classis</span> <span class='ocrx_word' id='word_1_218' title='bbox 557 2618 750 2695; x_wconf 63' lang='lat' dir='ltr'>Apollinaris:</span> <span class='ocrx_word' id='word_1_219' title='bbox 768 2614 905 2682; x_wconf 62' lang='lat' dir='ltr'>reliquas</span> 
     </span>
    </p>
   </div>
   <div class='ocr_carea' id='block_1_4' title="bbox 40 2681 927 2835">
    <p class='ocr_par' dir='ltr' id='par_1_10' title="bbox 40 2681 927 2835">
     <span class='ocr_line' id='line_1_34' title="bbox 40 2681 927 2835; baseline 0.001 -76"><span class='ocrx_word' id='word_1_220' title='bbox 40 2681 340 2817; x_wconf 39' lang='lat' dir='ltr'>&#39;&#39;qimffllll’ffibuut</span> <span class='ocrx_word' id='word_1_221' title='bbox 351 2700 448 2761; x_wconf 89' lang='lat' dir='ltr'>nimio</span> <span class='ocrx_word' id='word_1_222' title='bbox 456 2701 616 2760; x_wconf 80' lang='lat' dir='ltr'>ruentium</span> <span class='ocrx_word' id='word_1_223' title='bbox 624 2698 927 2835; x_wconf 46' lang='grc' dir='ltr'>ωῗψωψ</span> 
     </span>
    </p>
   </div>
   <div class='ocr_carea' id='block_1_5' title="bbox 0 0 980 3016">
    <p class='ocr_par' dir='ltr' id='par_1_11' title="bbox 0 0 980 3016">
     <span class='ocr_line' id='line_1_35' title="bbox 0 0 980 3016; baseline 0 0"><span class='ocrx_word' id='word_1_224' title='bbox 0 0 980 3016; x_wconf 95' lang='lat' dir='ltr'> </span> 
     </span>
    </p>
   </div>
  </div>
 </body>
</html>
