1950 3016
104 182 154 243 tlt
337 188 703 240 nrsronrnnun'
762 181 902 258 (nutu.

99 292 180 364 petita
199 308 214 345 a
232 291 359 348 Romanis
377 293 518 364 praesidia.
556 293 590 347 Et
601 289 905 363 mhortesalaeqneno·

100 373 178 431 strae,
189 367 272 422 variis
281 368 400 440 proeliis,
410 384 530 423 exemere
538 374 625 422 tamen
636 365 756 438 periculo
765 369 896 441 reginam.

99 439 222 515 Regnum
232 442 356 509 Venutio,
367 443 469 498 bellum
481 443 568 507 nobis,
579 442 711 496 relictum.

154 518 196 570 46.
218 517 331 572 Turbata
341 535 388 589 per
398 518 503 573 eosdem
512 517 570 571 dios
580 517 721 571 Germania
742 515 897 571 etsooordia

99 589 209 656 ducum,
229 600 255 646 et
272 592 400 648 seditione
420 591 564 664 legionum.
603 592 719 646 Externa
733 591 772 654 vi,
786 590 898 661 perfidia

98 666 199 731 sociali,
220 684 301 738 prope
320 666 422 721 adflicta
443 668 559 721 Romana
581 684 633 720 res.
673 666 703 719 ld
716 664 821 720 bellum
835 680 898 719 cum

98 740 201 795 caussis
221 750 246 795 et
265 742 403 796 eventibus
422 739 528 812 (etenim
548 740 654 813 longius
672 748 830 812 provectum
848 736 898 812 est)

98 832 161 869 mox
170 815 388 871 memorabimus.
404 816 472 871 Mota
483 823 508 869 et
517 816 646 870 Dacorum
656 832 733 888 gens,
744 831 897 886 numquam

98 888 160 953 fida,
175 898 239 944 tunc
252 891 310 944 sine
325 899 407 956 metu,
421 890 534 944 abducto
543 907 558 943 e
568 890 666 944 Moesia
677 890 805 944 exercitu.
845 886 897 943 Sed

96 964 183 1033 prima
193 981 282 1020 rerum
293 965 378 1036 quieti
387 964 608 1035 speculabantur:
620 964 668 1018 ubi
677 963 784 1036 flagrari
794 963 896 1017 ltaliam

96 1036 176 1100 bello,
190 1046 284 1092 cuncta
294 1040 410 1093 invicem
421 1038 526 1093 hostilia
537 1055 669 1109 accepere,
681 1039 843 1111 expugnatis
852 1055 897 1092 oo·

96 1109 212 1165 hortium
228 1111 386 1184 alarumque
397 1112 519 1167 hibernis
529 1122 642 1184 utraque
654 1113 769 1167 Danubii
780 1114 838 1183 ripa
848 1128 905 1183 po·-

96 1184 237 1239 tiebantur.
277 1188 387 1259 lamque
401 1197 484 1242 castra
501 1188 635 1262 legionum
650 1187 806 1242 exscindere
819 1204 897 1258 para-

96 1259 168 1325 bant,
185 1261 214 1314 ni
227 1261 368 1316 Mucianus
384 1271 485 1318 sextam
502 1262 631 1337 legionem
642 1263 821 1332 opposuisset,
832 1261 897 1317 Cre-

96 1336 232 1390 monensis
246 1337 371 1392 victoriae
382 1356 494 1412 gnarus,
504 1356 536 1393 ac
544 1354 579 1393 ne
588 1346 695 1392 externa
706 1336 790 1390 moles
800 1338 897 1391 utrim-

95 1426 148 1480 que
157 1411 303 1484 ingrueret,
318 1413 341 1466 si
352 1414 438 1468 Dacus
451 1413 655 1484 Germanusque
666 1411 765 1466 diversi
775 1411 897 1482 inrupis-

95 1493 162 1539 sent.
183 1485 284 1551 Adfuit,
297 1495 326 1542 ut
336 1505 416 1559 saepe
424 1487 500 1553 alias,
512 1487 615 1542 fortuna
624 1486 717 1559 populi
728 1487 817 1549 Rom,
826 1501 897 1556 quac

94 1559 249 1614 Mucianum
266 1562 392 1633 viresque
406 1562 522 1616 Orientis
540 1560 606 1614 illuc
619 1561 692 1616 tulit:
713 1559 822 1631 etquod
832 1559 898 1615 Cre·

95 1650 189 1687 monae
199 1636 305 1688 interim
315 1637 504 1708 transegimus.
526 1636 652 1689 Fonteius
660 1635 776 1707 Agrippa
788 1651 822 1688 ex
832 1635 896 1689 Asia

94 1705 151 1777 (pro
165 1708 273 1761 consule
286 1725 344 1762 eam
360 1711 525 1780 provinciam
537 1726 627 1763 annuo
639 1709 752 1778 imperio
766 1706 896 1781 tenuerat)

66 1830 72 1835 .
94 1781 208 1833 Moesiae
216 1784 383 1852 praepositus
393 1792 446 1838 est:
471 1783 568 1837 additis
578 1782 838 1854 copiiseVitelliano
849 1800 896 1838 ex-

94 1854 187 1918 ercitu,
202 1872 283 1926 quem
294 1859 384 1930 spargi
399 1875 446 1928 per
459 1859 610 1928 provincias
620 1867 646 1911 et
655 1864 762 1911 externo
772 1857 843 1912 bello
852 1859 897 1912 in·

94 1928 181 2057 Hffl'
193 1931 368 1999 parsoonsilii
379 1934 507 2004 pacisque
517 1940 581 1987 erat.
601 1933 656 1986 Nec
665 1939 765 1986 ceterae
773 1933 895 1987 nationes

93 2020 143 2056 sie
178 2011 215 2058 nt.

149 2081 191 2135 tr.
199 2078 291 2134 Subita
301 2097 349 2151 per
354 2081 466 2136 Pontum
477 2098 551 2135 arma
561 2081 704 2136 barbarum
715 2080 900 2151 mancipium,-

93 2155 181 2226 regiae
196 2155 330 2226 quondam
349 2156 443 2210 classis
457 2156 618 2227 praefectus,
640 2164 766 2211 moverat.
807 2156 833 2208 ls
844 2154 895 2209 luit

93 2227 230 2295 Anicetus,
243 2228 391 2285 Polemonis
402 2231 522 2296 libertus,
533 2239 688 2302 praepotens
698 2229 814 2294 olim,et,
822 2238 895 2300 post-

94 2320 176 2373 quam
187 2322 298 2377 regnum
310 2306 338 2359 in
349 2305 460 2361 formam
472 2307 624 2376 provinciae
633 2312 756 2369 verterat,
768 2305 896 2359 mutatio·

94 2378 136 2431 nis
147 2379 287 2449 inpatiens.
309 2380 393 2453 Igitur
402 2381 502 2437 Vitellii
513 2382 630 2445 nomine,
638 2380 745 2434 adscitis
755 2379 892 2452 gentibus,

93 2469 162 2523 quae
181 2454 294 2508 Pontum
309 2454 441 2521 adcolunt,
461 2463 589 2526 conrupto
603 2455 632 2509 in
646 2472 723 2526 spem
737 2455 893 2524 rapinarum

93 2529 264 2599 egentissimo
282 2546 400 2601 quoqne,
421 2529 494 2584 haud
509 2529 665 2583 temnendae
678 2546 775 2583 manus
788 2529 892 2594 ductor,

90 2601 295 2671 Trapezuntem,
312 2610 417 2661 vetusta
427 2603 498 2660 lama
507 2603 679 2669 civitatem,a
690 2603 798 2658 Graecis
807 2605 836 2658 in
846 2620 895 2658 ex·

70 2678 161 2730 tremo
168 2677 303 2738 Ponticas
312 2699 380 2741 orae
388 2681 542 2749 conditum,
552 2677 788 2744 subitus'imnpit.
819 2675 905 2731 bassa
