1950 3016
86 190 207 267 r.c.ro.)
294 202 374 247 aaa.
394 202 430 248 11.
450 203 540 249 cnr.
562 204 604 249 rr.
625 202 665 250 aa.
850 199 883 251 95

137 303 181 357 67.
198 302 340 357 Proximus
349 302 624 374 Vitellioapraetoriis
634 303 785 359 cohortibus
795 312 882 361 metus

84 384 146 431 erat.
184 376 303 447 Separati
314 379 447 448 primum;
468 378 574 440 deinde,
586 376 673 431 addito
683 379 882 435 bonestaamis-

84 452 168 507 sionis
189 451 343 516 lenimento,
364 470 437 506 arma
456 452 489 506 ad
504 452 624 505 tribunos
636 469 700 507 suos
716 453 880 513 deferebant:

83 526 167 582 donec
181 534 285 581 motum
295 544 310 580 a
321 528 481 598 Vespasiano
491 525 591 580 bellum
604 527 791 583 crebresceret:
812 539 880 594 tum,

83 610 220 672 resumpta
242 600 347 665 militia,
370 602 450 655 robur
465 602 652 654 Flavianarum
672 603 787 672 partium
799 602 880 658 luere.

83 677 172 731 Prima
182 676 354 730 classicorum
366 675 434 749 legio
443 676 470 729 in
481 676 635 747 Hispaniam
647 678 775 739 missa,ut
785 694 849 746 paee
858 685 884 732 et

83 753 135 808 otio
155 752 319 805 mitesceret:
350 752 488 804 undecima
508 767 538 804 ac
557 752 669 821 septima
689 752 747 805 suis
763 752 882 806 bibernis

84 827 215 881 redditae:
247 824 451 879 tertiadecimani
473 833 574 878 struere
592 826 783 896 amphitheatra
802 826 880 880 iussi.

84 902 150 956 Nam
162 900 275 955 Caecina
282 899 434 963 Cremonae,
442 899 538 953 Valens
548 900 688 964 Bononiae,
700 899 881 972 spectaculum

84 976 260 1049 gladiatorum
281 975 358 1029 edere
375 974 516 1044 parabant:
542 992 689 1045 numquam
708 977 743 1029 ita
758 976 791 1030 ad
803 993 881 1029 curas

84 1052 186 1105 intento
196 1049 311 1110 Vitellio,
322 1057 352 1103 ut
362 1050 527 1119 volrrptatum
538 1049 745 1104 oblivisceretur.
776 1052 809 1105 Et
819 1051 882 1122 qui·

85 1125 144 1179 dem
154 1132 244 1196 partes
256 1124 371 1177 modeste
380 1123 550 1178 distraxerat:
570 1123 641 1195 apud
653 1125 765 1179 victores
775 1136 829 1180 orta
839 1143 882 1179 so-

84 1199 158 1263 ditio,
175 1198 278 1253 ludicro
292 1199 377 1264 initio,
393 1199 446 1254 nisi
462 1214 590 1253 numerus
604 1216 740 1253 caesorum
750 1200 881 1254 invidiam

84 1274 291 1329 belloauxisset.

136 1352 181 1403 68.
203 1346 502 1401 DiscubueratVitellius
511 1347 607 1410 Ticini,
619 1346 779 1400 adbibitoad
789 1346 882 1417 epulas

83 1423 221 1497 Verginio.
260 1423 355 1494 Legati*
363 1422 528 1492 tribunique,
549 1438 582 1474 ex
602 1421 722 1474 moribus
741 1421 884 1491 imperato-

83 1498 328 1560 rum,severitatem
339 1495 515 1556 aemulantur,
523 1493 563 1548 vel
575 1496 740 1564 tempestivis
750 1497 881 1550 conviviis

116 1575 214 1628 udent:
245 1570 355 1642 perinde
378 1570 455 1625 miles
478 1572 596 1624 intentus
619 1578 664 1623 aut
688 1568 795 1623 licenter
816 1573 879 1643 agit.

105 1648 162 1720 pud
172 1645 310 1701 Vitellium
320 1648 409 1700 omnia
420 1645 586 1715 indisposita,
598 1643 751 1704 temulenta,
765 1646 883 1718 pervigi-

84 1724 127 1779 liis
137 1741 169 1777 ac
178 1721 397 1784 Bacchanalibus,
409 1738 490 1791 quam
501 1718 657 1790 disciplinae
669 1728 696 1774 ct
706 1721 808 1784 castris,
820 1738 882 1792 pro-

82 1800 166 1871 piora.
208 1798 292 1869 Igitur
305 1795 410 1849 duobus
425 1795 566 1857 militibus,
581 1794 662 1848 altero
677 1794 787 1867 legionis
799 1798 881 1866 quin-

83 1882 134 1935 tae,
145 1872 228 1926 altero
238 1888 252 1924 e
262 1870 346 1925 Gallis
356 1869 541 1931 auxiliaribus,
552 1886 599 1939 per
611 1870 744 1922 lasciviam
756 1872 787 1924 ad
798 1883 881 1925 certa-

83 1966 145 2003 men
162 1945 280 2001 luctandi
295 1947 423 2006 accensis,
438 1953 576 2014 postquam
592 1943 750 2016 legionarius
762 1946 881 2015 procide-

83 2032 132 2087 rat,
149 2021 294 2076 insultante
303 2019 389 2081 Gallo,
405 2027 430 2072 et
439 2020 482 2082 iis,
496 2019 544 2089 qui
559 2018 592 2071 ad
602 2021 772 2088 spectandum
785 2037 881 2074 conve-

84 2106 186 2160 nerant,
199 2097 226 2149 in
241 2094 329 2148 studia
344 2094 468 2157 diductis,
484 2110 595 2163 erupere
606 2094 741 2166 legionarii
753 2096 780 2147 in
792 2094 881 2163 perni-

84 2174 151 2228 ciem
162 2170 335 2232 auxiliorum,
347 2186 377 2222 ac
387 2169 455 2222 duae
464 2169 582 2222 cobortes
594 2168 752 2223 interiectae.
787 2169 881 2221 Reme·

83 2247 159 2302 dium
175 2244 308 2300 tumultus
324 2242 374 2297 luit
388 2243 457 2297 alius
470 2243 610 2296 tumultus.
649 2243 742 2297 Pulvis
754 2241 845 2311 procul
856 2248 881 2294 et

83 2339 156 2377 arma
171 2319 402 2390 adspiciebantur:
423 2317 614 2372 conclamatum
628 2326 742 2387 repente,
760 2316 830 2368 XlV.
845 2314 881 2368 le-

83 2398 201 2469 gionem,
222 2410 300 2448 verso
309 2394 411 2456 itinere,
423 2393 454 2446 ad
466 2392 595 2463 proelium
606 2393 706 2445 venire.
746 2388 797 2442 Sed
807 2397 880 2443 erant

84 2472 201 2543 agminis
220 2477 359 2522 coactores.
400 2467 490 2540 igniri
509 2468 647 2535 dempsere
663 2463 880 2518 sollicitudinem.

84 2546 193 2599 interim
203 2544 323 2613 Verginii
335 2560 431 2596 servus
444 2541 511 2598 forta
524 2542 634 2605 obvius,
649 2540 900 2615 uipercussorl'x-

77 2620 144 2669 allii
148 2616 336 2670 insimulatur:
357 2620 489 2674 struebat
499 2622 536 2676 ad
546 2620 715 2677 convivium
726 2618 830 2681 males,
839 2631 921 2670 mor-

63 2692 115 2737 ΕΝ
131 2686 248 2755 Vffssfflff
258 2704 421 2759 ⁶¹P0⁸⁰rns
461 2697 509 2755 Ns
520 2697 663 2759 Vitellius
674 2698 818 2777 quidem,
827 2706 942 2769 quaut-
