1950 3016
118 194 151 247 28
333 193 681 242 ursroaranuu
716 187 720 191 ’
782 183 916 258 (anses.

118 299 191 362 bant,
208 294 352 351 industriae
363 297 422 350 eius
432 297 660 368 innocentiaeque,
676 294 755 367 quasi
766 293 846 349 malis
856 294 920 350 arti-

118 374 179 436 bus,
195 371 303 425 infensi.
344 370 437 426 Caedis
452 380 477 426 et
490 371 649 444 praedarum
662 371 771 426 initium
784 372 919 441 etoptimo

118 448 216 518 cuique
230 446 376 517 perniciem
386 447 479 518 quaeri
492 447 642 517 adparebat.
681 444 733 500 Sed
744 444 841 500 Othoni
853 463 920 500 non-

118 522 182 576 dum
199 523 339 576 auctoritas
353 521 438 575 inerat
450 520 483 574 ad
492 521 689 593 prohibendum
703 520 806 575 scelus:
827 520 919 575 iubere

118 598 171 651 iam
181 605 290 668 poterat.
330 598 377 661 lta,
392 595 564 667 simulatione
577 597 642 660 irae,
657 601 754 651 vinciri
765 596 883 661 iussum,
894 602 920 649 et

117 677 229 726 maiores
246 688 343 739 poenae
363 674 487 724 <lutrarum
506 670 666 736 adfirmans,
686 671 818 742 praesenti
837 671 920 725 exitio

118 747 258 801 subtraxit.

173 825 214 876 to.
236 819 333 875 Omnia
342 817 438 873 deinde
450 819 559 873 arbitrio
569 818 686 874 militum
697 827 761 874 acta.
792 819 919 874 Praetorii

117 895 260 967 praefectos
275 894 327 948 sibi
338 894 390 964 ipsi
401 892 501 967 legere:
522 893 637 949 Plotium
652 895 785 959 Firmum,
803 912 817 948 e
832 894 921 949 mani-

117 970 258 1040 pularibus
267 969 414 1040 quondam,
425 978 482 1024 tum
493 968 623 1042 vigilibus
632 971 823 1041 praepositum,
834 970 920 1035 etin-

118 1044 216 1099 oolumi
227 1044 315 1098 adhuc
324 1043 419 1108 Galba,
430 1052 517 1115 partes
527 1043 639 1099 Othonis
650 1051 780 1099 secutum.
815 1043 920 1099 Adiun-

117 1121 189 1192 gitur
208 1119 329 1173 Licinius
340 1119 479 1183 Proculus,
499 1121 593 1173 intima
608 1118 784 1173 familiaritate
794 1118 917 1184 Othonis,

118 1202 258 1265 suspectus
273 1192 384 1249 eonsilia
399 1194 457 1248 eius
471 1191 579 1249 fovisse.
620 1194 685 1248 Urbi
701 1194 721 1249 F
724 1192 825 1248 lavIum
842 1193 921 1248 Sabi-

119 1287 184 1322 num
204 1267 366 1340 praefecere,
388 1268 518 1322 iudicium
541 1269 655 1324 Neronis
674 1269 771 1334 secuti,
792 1268 845 1322 sub
865 1285 920 1340 quo

118 1343 227 1399 eandem
256 1361 348 1399 curam
370 1343 533 1398 obtinuerat:
567 1343 704 1415 plerisque
723 1343 931 1414 Vespasianum·

119 1417 224 1474 tratrem
240 1421 268 1473 in
284 1435 314 1473 eo
328 1418 541 1489 respicientibus.
581 1417 752 1490 Flagitatum,
764 1424 921 1472 atvoeatio-

96 1508 176 1559 Μ,
206 1499 341 1563 praestari
370 1497 562 1548 eetrtartontbas
583 1495 688 1556 solitae,
717 1497 918 1548 remitterentur.

118 1570 240 1641 Namque
249 1569 389 1642 gregarius
399 1566 486 1631 miles,
499 1574 529 1620 ut
539 1567 669 1621 tributum
679 1584 810 1632 annuum,
820 1566 921 1639 pende-

117 1644 171 1698 bat.
211 1642 309 1709 Quarta
320 1659 382 1712 pars
392 1640 524 1712 manipuli
534 1658 626 1711 sparsa
637 1658 684 1712 per
694 1651 866 1707 commeatus,
874 1649 921 1697 aut

117 1720 146 1772 in
161 1717 228 1788 ipsis
242 1717 335 1771 castris
346 1733 423 1788 vaga,
437 1715 502 1770 dum
514 1715 662 1769 mercedem
674 1717 821 1772 centurioni
832 1714 922 1772 exsol-

117 1799 203 1848 veret:
229 1808 318 1862 neque
332 1791 441 1846 modum
455 1791 545 1845 oneris
558 1791 715 1863 quisquam,
733 1809 821 1864 neque
832 1809 920 1865 genus

117 1874 245 1940 quaestus
260 1867 338 1937 pensi
352 1865 474 1919 habebat.
513 1865 563 1919 Per
578 1864 713 1921 latrocinia
723 1875 748 1921 et
758 1875 859 1937 raptus,
874 1874 921 1921 aut

118 1941 262 1997 servilibus
291 1940 463 2004 ministeriis,
494 1940 608 1994 militare
632 1943 717 1997 otium
741 1942 917 1997 redimebant.

118 2018 186 2071 Tum
203 2014 429 2086 locupletissimus
446 2014 564 2087 quisque
578 2016 656 2070 miles
671 2015 799 2071 laboreac
809 2018 919 2071 saevitia

118 2091 231 2164 fatigari,
252 2090 336 2145 donee
350 2090 513 2144 vacationem
533 2100 640 2146 emeret.
680 2091 742 2156 Ubi,
763 2092 919 2163 sumptibus

118 2167 275 2231 exhaustus,
290 2164 408 2219 socordia
421 2166 533 2236 insuper
548 2166 710 2240 elanguerat,
727 2167 804 2237 inops
818 2182 868 2238 pro
881 2166 920 2221 lo-

118 2240 222 2313 cuplete
240 2247 266 2294 et
283 2240 356 2294 iners
374 2256 422 2310 pro
440 2250 557 2307 strenuo,
578 2242 606 2296 in
620 2239 790 2312 manipulum
801 2241 917 2296 redibat:

77 2314 81 2323 '
118 2334 149 2370 ae
162 2332 257 2369 rursus
272 2313 342 2368 alius
357 2322 438 2387 atque
451 2314 529 2381 alius,
546 2316 637 2370 eadem
648 2324 761 2389 egestate
772 2333 803 2370 ac
813 2315 918 2370 licentia

118 2389 249 2460 conrupti,
266 2388 299 2443 ad
314 2389 457 2445 seditiones
470 2399 496 2445 et
510 2390 665 2456 discordias,
684 2390 755 2444 etad
768 2400 919 2446 extremum

118 2467 146 2520 in
157 2464 225 2519 bella
235 2463 324 2519 civilia
335 2465 455 2520 ruebant.
495 2464 547 2519 Sed
557 2464 635 2529 Otho,
651 2482 685 2519 ne
694 2463 770 2538 vulgi
780 2465 919 2539 largitione

118 2541 303 2594 centurionum
318 2540 421 2594 animos
435 2547 571 2604 averteret,
587 2543 762 2609 &carnonam
771 2547 920 2596 vocationes

95 2617 405 2671 anaeasemsolulurum
412 2614 560 2689 promisit:
574 2632 636 2671 rem
642 2614 722 2670 baud
728 2614 930 2676 dubieutdem,

75 2684 109 2725 et
123 2696 141 2729 a
159 2681 248 2738 hornis
256 2696 361 2759 postea
375 2692 565 2770 principibus
579 2693 770 2770 perpetuitate
782 2685 947 2757 disciplima
