1950 3016
100 182 228 260 soto.)
298 194 377 241 ma.
396 193 448 241 na
469 194 703 244 caa.as-1s.
855 192 902 246 125

100 297 134 351 to
145 296 240 359 Basso,
259 298 288 349 id
300 293 425 349 caesenae
437 298 533 358 cirum,
545 305 683 364 postquam
696 301 790 361 domos,
804 300 901 361 bortos,

100 388 161 438 opes
173 374 290 438 principi
303 371 464 432 abstulerint,
477 375 555 424 etiam
568 372 693 425 militibus
699 375 844 440 principem
852 391 902 428 aa·

96 450 178 515 [me.
218 446 549 513 Inteprocinorueotosque,
565 444 903 515 Fiooicniequoqueporti-

99 522 234 649 basculos}3
249 523 313 588 quid
324 522 441 573 dictatroe
453 522 645 586 reposcentibus
657 528 705 575 out
710 537 845 589 prospero,
855 531 903 577 aot

98 598 214 653 monac

157 703 201 756 tt.
222 700 292 754 liaeo
301 699 413 775 singuli,
425 700 490 755 haec
498 700 628 768 universi,
643 710 673 758 ut
685 719 822 775 quemque
830 702 903 759 dolor

98 774 245 847 inpulerant,
263 774 444 839 vociferantes,
459 777 534 831 initio
544 794 558 830 a
568 777 661 848 quinta
672 777 775 851 legione
784 786 849 842 orto,
861 796 904 832 re-

99 850 197 921 positis
212 848 312 904 Vitellii
327 850 502 925 imaginibus,
523 850 607 905 vincla
622 851 749 907 Caecinae
762 852 900 908 inliciunt:

99 925 217 981 Fabium
229 923 382 990 Fabullum,
397 925 508 997 quintae
518 924 629 999 legionis
641 926 767 1000 legatum,
779 936 804 982 et
812 926 903 984 Cassi-

99 1017 149 1055 um
164 1000 221 1054 Lon
231 1016 298 1064 rum,
314 998 477 1071 praefectum
492 1007 651 1067 castrorum,
670 1002 752 1059 duces
766 1000 900 1077 deligunt:

99 1074 169 1130 forte
187 1018 288 1128 oblatos
309 1075 390 1129 trium
409 1074 614 1129 Liburnicarum
630 1076 738 1143 milites,
755 1079 863 1153 ignaros
877 1087 902 1133 et

98 1150 235 1213 insontes,
258 1148 405 1203 trucidant:
435 1148 534 1204 relictis
550 1152 658 1215 castris,
680 1152 792 1224 abrupto
811 1162 900 1225 ponte,

98 1222 240 1279 Hostiliam
255 1240 360 1288 rursus,
376 1223 439 1279 inde
446 1222 605 1279 Cremonam
615 1234 740 1299 pergunt,
752 1235 781 1281 ut
791 1226 903 1300 legioni-

98 1298 153 1353 bus
164 1299 267 1369 primae
277 1296 382 1353 Italionc
391 1306 416 1352 et
425 1300 642 1354 unietvicesimae
653 1301 750 1371 Rapaci
759 1302 903 1374 iungeren-

98 1384 154 1439 tur‚
167 1390 236 1445 quas
246 1372 358 1428 Caecina
369 1373 402 1427 ad
413 1373 582 1429 obtinendam
590 1373 749 1429 Cremonam
758 1391 821 1431 oum
830 1384 904 1446 parts

99 1449 225 1521 equitum
233 1449 415 1519 praemiserat.

156 1568 200 1620 45.
220 1564 272 1621 Ubi
286 1564 352 1621 haec
364 1573 497 1636 comperta
510 1563 635 1630 Antonio,
649 1564 784 1620 discordes
793 1566 902 1634 animis,

97 1642 229 1696 discretos
248 1640 353 1695 viribus
376 1638 495 1695 hostium
517 1641 649 1695 exercitus
673 1640 782 1714 adgredi
801 1643 901 1704 statuit,

98 1724 244 1787 maequem
255 1715 371 1771 ducibus
380 1717 531 1781 auctoritas,
546 1716 625 1771 militi
634 1715 796 1788 obsequium
805 1725 831 1771 et
841 1718 903 1772 iun-

97 1793 150 1849 ctis
161 1790 314 1863 legionibus
323 1789 421 1845 fiducia
431 1791 537 1845 rediret.
558 1791 902 1863 NamqueFabiumValen-

97 1874 154 1923 tem
164 1864 314 1937 proiectum
329 1865 363 1920 ab
372 1865 440 1921 urbe
450 1865 711 1938 acceleraturumque
721 1869 826 1941 cognita
836 1868 901 1923 Cae-

98 1942 177 1997 cinae
186 1939 336 2011 proditione
345 1940 515 1996 coniectabat.
552 1941 585 1997 Et
595 1941 664 1997 fidus
674 1942 780 1999 Vitellio
790 1944 899 2006 Fabius,

98 2033 151 2073 nec
164 2015 276 2071 militiae
291 2016 411 2088 ignarus.
450 2014 537 2071 Simul
550 2017 646 2090 ingens
655 2017 848 2074 Germanorum
859 2019 900 2072 vis

98 2109 149 2164 per
158 2090 297 2147 Rhoetiam
312 2091 469 2145 timebatur:
490 2097 515 2145 et
526 2090 661 2147 Britannia
670 2091 811 2161 Galliaque
820 2099 846 2144 et
855 2092 902 2144 lli-

97 2167 195 2239 spania
205 2164 306 2220 auxilia
311 2164 434 2222 Vitellius
442 2165 737 2230 acciverat,inmensam
747 2164 899 2229 bellilnem,

99 2240 284 2305 menenius,
296 2238 324 2295 id
334 2241 423 2311 ipsum
435 2247 566 2306 metuens,
578 2240 699 2296 festinato
708 2239 808 2311 proelio
821 2239 902 2293 victo-

99 2318 170 2371 riam
184 2316 371 2386 praecepisset.
410 2315 540 2370 Universo
554 2334 617 2371 cum
635 2316 762 2377 exercitu,
777 2312 902 2367 secundis

99 2391 231 2447 aVerona
239 2390 344 2455 castris,
354 2389 510 2445 bedriscum
521 2393 602 2446 vonit.
641 2390 747 2444 Postero
755 2386 809 2452 die,
821 2387 903 2460 legio-

99 2466 184 2521 nibus
204 2463 238 2519 ad
252 2464 429 2520 muniendum
444 2466 561 2530 retentis,
583 2463 727 2518 auxiliares
740 2461 859 2517 cohortes
874 2463 902 2516 in

100 2540 308 2597 Cremonensem
329 2557 424 2612 agrum
439 2540 549 2606 missae,
569 2546 610 2605 ut,
625 2538 718 2611 specie
726 2536 917 2611 parandarum

91 2615 240 2680 00121'111'1111,
262 2614 338 2669 cirili
348 2616 451 2687 praeda
468 2617 553 2676 miles
569 2617 749 2677 inhaeretur.
786 2616 857 2689 ipse
867 2628 942 2667 eum

78 2692 198 2750 imm!
207 2684 338 2745 millibus
351 2696 491 2766 equitum
505 2696 546 2758 ad
558 2706 702 2760 octauum
712 2694 963 2760 assidaeos*
