1950 3016
244 210 448 259 mamone.
472 213 551 260 CAP.
571 212 611 260 ⁸1.
621 212 673 261 11.
805 209 850 262 331

62 312 212 375 adsumere,
234 312 341 383 hisque,
362 315 593 385 proutresposoit,
609 314 659 380 uti,
679 313 796 371 alienum
806 316 856 371 erit

61 389 167 445 oratori.
206 387 300 458 Neque
313 390 385 442 enim
399 390 544 460 sapientem
559 388 745 453 informamus,
769 408 856 463 neque

62 464 210 519 Stoicorum
221 462 363 527 civitatem,
379 464 426 517 sed
436 481 508 530 eum,
525 465 572 536 qui
585 481 638 520 non
648 465 777 537 quasdam
788 476 856 520 artes

61 538 179 603 haurire,
192 537 239 592 aed
247 554 340 592 ornnes
349 536 500 604 liberaliter,
511 540 596 595 debet.
629 540 743 611 Ideoque
755 548 780 594 et
788 541 856 594 iuris

62 612 151 670 eivilia
165 613 303 667 scientiam
313 622 413 669 veteres
425 623 539 670 oratores
549 615 814 687 comprehendebant,
832 623 860 675 et,

62 688 244 764 grammatica,
260 689 362 745 musica
375 697 401 744 et
409 693 550 763 geometria
563 691 749 745 inbuebantur.
789 691 858 744 lnai-

63 766 130 821 dunt
142 764 216 818 enim
229 781 347 830 caussae,
363 763 494 837 plurimae
504 766 612 837 quidem
623 783 653 820 ao
661 782 745 837 paene
753 782 856 829 ornnes,

62 840 165 914 quibus
174 839 242 894 iuris
253 841 342 894 notitia
357 840 533 896 desideratur:
555 841 696 914 pleraeque
710 848 808 907 autem,
829 841 857 895 in

63 916 164 990 quibus
174 915 224 969 bae
234 932 342 987 quoque
351 917 475 970 scientiae
485 917 666 988 requiruntur.

118 994 161 1047 32.
182 991 236 1044 Nee
245 992 389 1062 quisquam
400 991 567 1063 respondeat:
588 991 696 1058 sufficit,
708 999 738 1047 ut
747 991 780 1046 ad
791 999 859 1046 tarn

62 1084 116 1141 pus
125 1064 242 1137 simplex
250 1065 378 1138 quiddam
389 1074 414 1121 et
422 1067 554 1122 uniforme
562 1067 712 1122 doeeamur.
738 1068 857 1122 Primum

64 1144 136 1199 enim
147 1140 223 1195 aliter
232 1142 333 1196 utimur
342 1143 467 1214 propriis,
477 1141 552 1197 aliter
560 1143 746 1198 commodatis:
768 1142 859 1217 longe-

63 1236 118 1292 que
137 1218 263 1273 ioteresse
281 1217 451 1272 manifestum
471 1226 519 1282 est,
541 1217 672 1288 possideat
689 1219 767 1288 quis,
790 1236 859 1290 quae

63 1293 171 1368 prolart,
192 1309 226 1346 an
241 1299 386 1347 mutuetur.
427 1293 525 1347 Deinde
537 1293 596 1363 ipsa
606 1291 751 1346 multarum
762 1295 858 1348 artium

64 1369 173 1426 seientia
184 1368 263 1422 etiam
274 1367 346 1422 aliud
356 1375 462 1440 agentes
473 1385 520 1421 nos
530 1374 613 1433 ornat,
625 1374 714 1438 atque,
721 1367 768 1421 ubi
779 1369 861 1421 mini-

65 1443 219 1508 meeredas,
239 1444 339 1497 eminet
352 1451 377 1496 et
387 1440 505 1496 excellit:
525 1441 607 1514 idque
617 1459 669 1496 non
680 1440 772 1496 doetus
782 1442 859 1497 modo

64 1529 90 1577 et
98 1520 218 1594 prudens
230 1517 342 1581 auditor,
353 1517 488 1572 sedetiam
498 1517 614 1588 populus
624 1516 755 1590 intelligit,
767 1535 797 1571 aa
807 1528 861 1571 sta-

64 1598 113 1653 tim
123 1598 159 1650 ita
170 1594 247 1649 laude
257 1596 435 1666 prosequitur,
451 1599 481 1647 ut
491 1592 607 1666 legitime
616 1593 761 1657 studuisse,
774 1601 804 1646 ut
813 1610 860 1664 per

64 1688 157 1729 omnes
171 1669 335 1742 eloquentiae
349 1685 474 1725 numeros
487 1669 549 1734 isse,
570 1677 600 1722 ut
609 1668 724 1740 denique
732 1677 860 1724 oratorem

65 1764 124 1804 ease
134 1746 257 1801 fateatur:
278 1762 359 1818 quem
370 1762 423 1799 non
432 1762 510 1815 posse
520 1743 596 1798 aliter
604 1745 738 1810 exsistere,
756 1762 804 1799 nee
814 1761 861 1799 ex-

64 1824 165 1879 stitisse
175 1838 314 1892 umquam,
326 1821 463 1885 confirmo,
475 1820 527 1875 nisi
538 1837 609 1886 eum,
617 1821 675 1892 qui,
684 1828 819 1893 tamquam
832 1822 859 1875 ln

65 1900 150 1954 aciem
164 1896 290 1952 omnibus
304 1896 388 1950 armis
400 1896 556 1960 instructus,
577 1897 617 1950 sio
631 1897 659 1951 in
672 1893 759 1951 lorum
772 1896 860 1951 omni-

65 1972 367 2036 busartibusarnratua‚
379 1971 481 2025 exierit.
512 1968 589 2036 Quod
599 1971 664 2026 adeo
673 1970 817 2045 negligitur
826 1971 860 2025 ab

65 2050 163 2105 horum
178 2055 328 2117 temporum
341 2046 456 2109 disertis,
478 2054 508 2100 ut
519 2047 548 2100 in
558 2047 705 2101 actionibus
714 2062 806 2100 eorum
817 2044 860 2100 lex

65 2140 174 2198 qunque
184 2121 331 2195 quotidiani
341 2121 480 2186 sermonis,
488 2118 562 2175 laeda
571 2138 601 2175 ae
610 2120 732 2192 pudenda
743 2121 805 2175 vitia
815 2119 861 2174 de-

66 2198 276 2273 prehendantur3
298 2205 328 2252 ut
343 2198 462 2270 ignorent
475 2195 556 2268 leges,
577 2213 629 2250 non
639 2202 743 2250 teneant
753 2204 860 2249 senatus

66 2272 196 2337 consulta,
218 2273 261 2326 ius
273 2273 387 2327 civitatis
401 2269 470 2326 ultro
482 2270 627 2335 derideant,
646 2271 790 2341 sapientiae
801 2287 861 2325 vero

67 2348 188 2405 studium
199 2354 225 2400 et
234 2354 370 2419 praecepta
379 2346 551 2419 prudentium
561 2346 667 2416 penitus
679 2343 859 2410 reformident,

67 2426 97 2480 in
107 2421 282 2493 paucissimos
291 2439 386 2477 sensus
401 2428 561 2494 etangustas
570 2420 712 2475 sententias
721 2420 862 2475 detrudant

68 2496 255 2568 eloquentiam,
269 2496 340 2551 velut
349 2496 489 2569 expulsam
500 2512 581 2569 regno
590 2513 652 2551 suo:
672 2504 787 2568 ut,quae
796 2495 861 2551 alirn

67 2573 190 2632 omnium
204 2574 301 2627 artium
315 2572 423 2628 domina
438 2571 752 2647 puloerrimo'eornitatu
761 2579 879 2639 paetum

58 2647 187 2716 raplebat,
207 2665 284 2704 nuno
291 2649 456 2708 circumcisa
466 2657 496 2708 et
504 2656 662 2727 amputata,
673 2643 906 2711 §tubadwffix

45 2720 471 2799 ¹1³10110110re11⁸enodixerim
482 2732 549 2791 aine
556 2713 933 2809 ingenuitates“ilbi'‘xxm
