1950 3016
259 220 465 269 nlnnoous.
485 222 564 270 car.
585 224 705 269 14-1a.
832 216 881 270 315

81 321 130 375 siis
140 319 258 384 reoessit,
269 326 295 373 et
304 321 389 374 otium
399 338 480 377 suum
492 323 595 379 mavult
604 340 733 379 novorum
744 323 880 380 rhetorum

80 412 165 460 moro,
180 411 263 466 quam
274 403 393 449 veterum
404 406 547 463 oratorum,
559 414 724 454 consumere.

138 473 179 524 15.
200 470 270 524 Tum
281 468 361 540 Aper,
384 471 442 525 Non
452 473 563 538 desinis,
583 472 705 537 Messala,
728 480 814 528 vetera
823 481 882 528 tan·

80 552 139 600 tum
158 552 184 598 et
203 545 312 615 antiqua
331 545 433 611 mirari,
455 555 605 602 nostrorum
624 556 712 601 autem
732 554 882 617 temporum

80 621 169 675 studia
189 619 305 674 inridere
323 627 403 690 atquo
422 621 609 676 contemneret
637 623 704 676 Nam
720 621 794 676 nuno
805 631 883 675 tuum

82 710 232 750 samonem
247 710 326 765 saepe
339 695 442 765 excepi,
462 712 535 761 earm,
546 696 645 752 obiitus
655 704 681 751 et
690 704 750 751 tuae
759 704 785 750 et
796 694 883 750 fratris

80 770 120 825 tui
137 768 161 824 ei
198 770 312 834 uentiae,
333 771 469 823 neminem
487 771 537 826 hoe
549 780 667 842 tempora
680 780 810 826 oratorem
824 786 884 824 esso

81 853 176 900 oonten
196 857 268 898 eres:
290 851 370 915 atque
379 843 408 898 id
417 858 457 909 eo,
475 846 560 910 eredo,
573 847 710 911 audacius,
722 844 795 918 quod
806 844 884 898 maii-

80 920 191 994 gnitatis
209 919 362 990 opinionem
376 935 430 973 non
445 920 589 984 verebaris,
609 936 671 975 eum
687 937 745 975 eam
757 920 881 993 gloriam,

80 1010 165 1066 qnam
176 993 224 1047 tihi
235 993 280 1048 aiii
290 993 447 1059 ooneedunt,
458 995 516 1066 ipse
527 996 574 1050 tibi
583 995 737 1069 denegares.

138 1069 232 1139 Neque
251 1067 335 1133 iliius,
356 1069 455 1140 inquit,
476 1071 606 1125 sermonis
626 1072 678 1125 mei
693 1070 882 1142 poenitentiam

82 1160 146 1217 ag03
177 1150 266 1214 neque
283 1150 329 1197 aut
346 1141 514 1210 Secundum,
538 1152 584 1199 aut
604 1146 770 1210 Maternum,
794 1154 840 1199 aut
858 1152 883 1197 te

80 1219 185 1290 ipsum,
197 1217 276 1288 Aper,
287 1216 462 1290 (quamquam
472 1220 605 1274 interdum
615 1220 643 1273 in
655 1221 816 1274 eontrarium
827 1219 885 1272 dis-

81 1292 170 1365 putes)
180 1292 255 1347 aliter
266 1293 363 1346 sentire
373 1293 459 1348 eredo.
499 1292 538 1347 Ae
548 1294 628 1347 velim
639 1295 838 1364 interpretatum
850 1293 883 1345 ab

82 1368 174 1439 aliquo
184 1374 314 1432 vestrum,
335 1375 365 1421 ut
377 1384 484 1421 caussas
500 1368 581 1421 huius
594 1368 714 1421 infinitae
723 1364 884 1422 differentiae

82 1450 216 1498 scrutetur
230 1460 260 1496 ao
273 1442 373 1507 reddat,
390 1459 457 1513 quas
468 1458 574 1496 meeum
584 1443 642 1512 ipse
651 1441 812 1513 pierumque
821 1457 884 1493 oon-

82 1519 169 1591 quiro.
208 1518 251 1582 Et,
271 1516 343 1589 quod
363 1516 526 1588 quibusdam
545 1515 637 1571 solatio
652 1525 700 1581 est,
723 1516 790 1570 mihi
807 1522 885 1586 auget

83 1592 277 1665 quaestionem,
297 1592 361 1663 quia
380 1591 467 1657 video,
489 1593 567 1646 etiam
588 1591 677 1646 Graiis
697 1590 834 1653 aoeidisse,
855 1596 885 1642 ut

83 1666 191 1741 longius
201 1667 271 1720 absit
281 1666 412 1720 Aeschine
421 1675 446 1720 et
456 1667 631 1721 Demosthene
640 1665 766 1721 Sacerdos
777 1666 827 1719 isto
837 1665 884 1717 Ni-

83 1750 164 1805 oetes,
175 1749 201 1795 et
211 1741 234 1795 si
245 1741 307 1812 quis
317 1739 387 1795 atius
397 1741 534 1811 Ephesum
544 1741 586 1796 vei
598 1742 739 1816 Mitylenae
750 1739 884 1796 oontinuis

83 1815 302 1871 sohoiastioorum
315 1815 477 1870 elamoribus
487 1817 581 1887 quatit,
593 1834 673 1888 quam
683 1816 746 1871 Afer
760 1825 805 1871 aut
814 1813 885 1869 atri·

83 1908 167 1946 oaous
178 1896 223 1944 aut
232 1908 280 1945 vos
289 1891 342 1961 ipsi
353 1908 367 1944 a
378 1890 502 1945 Cicerone
512 1899 557 1945 aut
567 1891 659 1947 Asinio
669 1893 825 1947 reoessistis.

141 1968 182 2020 111.
203 1965 337 2038 Magnam,
353 1967 442 2037 inquit
452 1965 600 2032 Secundus,
615 1975 641 2022 et
654 1967 883 2040 dignamtraetatu

83 2041 267 2113 quaestionem
278 2041 394 2094 movisti.
420 2039 472 2094 Sed
482 2042 544 2112 quis
554 2058 612 2095 eam
622 2044 721 2097 iustius
730 2039 881 2110 expiioabit,

84 2130 167 2187 quam
183 2122 222 2180 tu,
245 2113 279 2168 ad
291 2116 370 2168 euius
383 2132 517 2169 summam
528 2117 704 2173 eruditionem
714 2123 740 2168 et
749 2121 884 2184 praestan-

83 2190 222 2244 tissimum
234 2189 374 2262 ingenium
388 2206 450 2243 eura
459 2207 569 2261 quoque
577 2199 604 2244 et
613 2190 748 2244 meditatio
758 2185 885 2240 aoeessit‘i

139 2265 173 2318 Et
187 2263 308 2328 Messala,
323 2264 457 2334 Aperiam,
476 2266 573 2336 inquit,
585 2265 754 2338 eogihtiones
764 2279 848 2326 meas,
860 2261 884 2315 si

83 2338 153 2394 iiiud
164 2354 178 2393 a
188 2339 265 2393 robis
274 2346 334 2392 ante
343 2340 517 2409 inpetravero,
524 2348 606 2394 utvos
615 2354 724 2411 quoque
733 2352 883 2392 sermonem

83 2414 159 2468 hune
168 2422 288 2467 nostrum
299 2412 439 2467 adiuvetis.

139 2489 190 2542 Pro
204 2487 320 2552 duobus,
340 2488 430 2559 inquit
444 2487 589 2551 Maternus,
608 2487 742 2558 promitto.
782 2487 886 2540 Namet

83 2560 897 2638 egoetSecundusexsequemureasnamesmuastmaum-

75 2639 167 2689 rimus
184 2642 210 2690 te
228 2654 282 2692 non
303 2646 356 2693 tam
378 2639 522 2706 omisisse,
541 2656 632 2714 quam
649 2635 739 2691 notite
754 2629 925 2707 reMuMX'JQY'Q‘

64 2707 172 2776 Aprum
183 2712 258 2765 enim
269 2713 631 2787 soteredissentire,ettu
637 2711 746 2791 mairo
753 2683 955 2758 anteum&
