1950 3016
105 124 167 163 ic.
181 103 231 180 ro.)
319 114 396 163 nin.
419 114 440 161 1.
461 116 549 163 car.
570 116 688 164 ‘ro-aa.
877 112 907 166 ta

105 218 181 272 unae
200 232 250 287 per
268 215 343 287 ipsos
361 222 537 287 oomportum.
576 216 618 281 Et,
630 218 693 289 quia
709 217 841 289 praesidio
850 218 907 274 alae

105 295 189 348 unius
201 291 330 345 latissima
342 307 405 361 pars
415 291 502 346 ltaliae
515 291 619 346 delendi
632 294 766 364 nequibat,
777 297 907 364 praemis-

106 370 142 423 sis
153 367 294 423 Gallorum
305 366 494 421 Lusitanorum
504 369 744 439 britannorumque
755 370 906 424 oohortihus

107 452 130 497 et
139 444 339 499 Germanorum
349 442 464 507 vexillis,
480 460 543 498 oum
559 443 598 497 ala
609 444 723 507 Petrina,
734 444 791 514 ipso
801 445 907 514 paullu-

107 518 161 573 lum
177 525 330 582 ounctatus,
347 534 412 571 num
423 518 554 573 Rhaeticis
564 520 592 572 iu
614 519 636 573 's
647 519 673 571 in
684 519 810 572 Noricum
821 518 907 574 flecte-

107 602 152 658 ret,
174 594 307 648 adversus
328 592 489 658 Petronium,
512 536 620 668 [urhis‘l¹
629 601 834 664 procuratorem,
857 596 906 666 qui

107 670 217 724 concitis
232 667 353 732 auxiliis,
369 676 394 722 et
406 668 560 739 interruptis
571 667 715 722 fluminum
724 668 860 739 pontibus,
875 670 907 722 li·

108 745 156 799 dus
176 743 277 798 Othoni
297 742 448 813 putabatur.
488 742 541 797 Sed
554 752 636 808 metu,
648 761 683 798 ne
691 746 821 798 amitteret
830 761 906 815 pran-

108 821 203 874 missas
213 821 268 873 iam
279 818 398 872 cohortes
409 818 526 890 alasque,
539 818 620 873 simul
631 827 766 890 reputans,
777 818 839 890 plus
849 819 906 893 glo-

107 896 158 949 riae
173 901 275 948 retenta
289 893 372 952 ltalia.
384 900 418 959 et,
432 894 596 966 ubicumque
605 902 732 949 certatum
743 894 816 959 loret,
829 896 906 949 Nori-

108 988 147 1025 cos
160 971 191 1024 in
206 976 291 1023 cetera
304 968 426 1023 victoriae
436 970 553 1041 praemia
563 986 694 1034 cessuros,
706 970 805 1025 Penino
815 972 906 1025 subsi-

124 1063 226 1100 nanum
244 1043 356 1098 militem
371 1044 474 1109 itinere,
486 1052 512 1098 et
522 1061 603 1117 gravo
613 1044 747 1119 legionum
756 1063 850 1120 agmen
864 1047 905 1100 hi-

106 1062 196 1176 bernis
206 1118 296 1174 adhuo
304 1118 419 1190 Alpibus
430 1119 555 1174 traduxit.

157 1198 189 1250 ’ll
197 1238 204 1251 .
226 1193 296 1249 Otho
310 1194 427 1259 interim,
444 1202 532 1249 contra
542 1212 617 1267 spem
627 1196 759 1260 omnium,
773 1213 826 1250 non
839 1195 906 1250 deli-

107 1273 152 1325 ciis
163 1287 255 1343 neque
264 1269 365 1323 desidia
375 1277 530 1341 torpescere.
571 1269 669 1324 Dilatae
681 1269 837 1341 voluptates,
850 1272 905 1325 dis-

107 1346 231 1401 simulata
243 1345 359 1409 luxuria,
371 1353 396 1398 et
405 1352 499 1398 cuneta
510 1343 544 1398 ad
552 1344 671 1399 decorem
683 1346 789 1415 imperii
799 1362 905 1416 compo-

106 1423 163 1477 sita.
203 1422 298 1491 quue
308 1419 370 1491 plus
380 1417 532 1474 formidinis
543 1419 694 1474 adferebant
704 1418 785 1473 falsae
793 1421 904 1475 virtutes

108 1505 130 1551 et
138 1497 205 1551 vitia
216 1495 342 1550 reditura.
382 1495 496 1549 Marium
507 1493 625 1559 Celsum,
636 1494 772 1549 consulem
782 1495 905 1569 designa-

107 1580 173 1638 tum,
190 1589 239 1643 per
251 1570 367 1642 speciem
376 1568 558 1635 vinculorum,
573 1570 698 1625 saevitiae
711 1570 827 1625 militum
840 1572 905 1625 suh-

107 1656 229 1711 tractum,
241 1646 321 1701 aoeiri
331 1647 359 1699 in
368 1644 528 1717 Capitolium
538 1646 620 1700 iubet.
641 1644 801 1700 Clementiae
811 1648 903 1702 titulus

106 1724 188 1778 eviro
198 1722 269 1777 claro
278 1728 304 1776 et
312 1722 434 1792 partibus
444 1722 532 1775 inviso
541 1720 686 1791 petebatur.
726 1721 905 1787 Celsus‚con·

106 1806 204 1853 stanter
223 1805 343 1853 servatae
361 1813 422 1870 erga
433 1795 545 1851 Galbam
565 1796 626 1850 fidei
640 1796 740 1851 crimen
754 1798 901 1863 oonlessus‚

107 1872 260 1945 exemplum
274 1871 344 1927 ultro
358 1872 499 1943 inputavit.
539 1872 594 1927 Neo
602 1870 680 1937 Otho,
695 1874 773 1944 quasi
784 1875 904 1947 ignosce-

106 1957 153 2016 ret,
175 1948 238 2013 sed,
253 1964 288 2002 no
305 1947 389 2002 hostis
403 1954 503 2002 metum
519 1947 737 2002 reconciliationis
757 1949 901 2013 adhiberet,

105 2026 194 2080 statim
211 2024 279 2078 inter
292 2022 400 2077 intimos
415 2023 514 2078 amieos
528 2022 630 2088 habuit,
647 2029 672 2077 et
685 2041 748 2078 mox
757 2024 825 2079 hello
837 2025 903 2077 inter

104 2100 186 2156 duces
196 2098 303 2172 delegit.
343 2098 493 2171 Mansitque
507 2098 592 2163 Celso,
606 2097 678 2153 velut
694 2098 812 2163 fataliter,
824 2100 903 2152 etiam

104 2192 152 2248 pro
162 2174 266 2229 Othone
280 2171 346 2226 fides
359 2173 460 2247 integra
474 2181 499 2228 et
511 2172 613 2228 inlelix.
654 2174 730 2228 Laeta
740 2172 902 2244 primoribus

105 2250 230 2312 unitatis,
246 2247 374 2303 celebrata
388 2249 416 2303 in
431 2247 530 2322 vulgus
540 2249 609 2304 Celsi
623 2248 706 2313 salus,
728 2265 761 2301 ne
771 2247 903 2303 militibus

105 2325 215 2398 quidem
235 2325 337 2397 ingrata
352 2322 410 2389 luit,
431 2324 541 2378 eandem
556 2325 681 2378 virtutem
697 2322 900 2389 admirantibus,

105 2402 148 2456 oui
160 2400 349 2454 irasoebantur.

158 2479 198 2531 72.
216 2475 267 2528 Par
275 2473 339 2530 inde
346 2472 492 2537 'exsultatio
503 2476 668 2557 disparibus
677 2475 787 2532 oauss'is
794 2489 931 2529 noussen-

92 2555 124 2610 ta,
146 2547 280 2618 inpetrato
298 2552 430 2630 Tigellini
455 2559 553 2620 exitio.
596 2549 959 2636 Sophoniush'iuehhnus,

78 2618 203 2677 obscuris
209 2631 396 2707 parentibus,
417 2637 504 2701 foena
521 2642 670 2722 pueritia,
683 2632 835 2713 iupuh'ioa
847 2624 968 2682 saneah
