1950 3016
213 107 263 165 ³³⁴
448 110 498 160 nu
517 110 767 161 ounrournns

212 215 274 280 bus,
282 214 453 271 dimicantes:
469 215 517 270 sed
527 215 688 272 auditorium
698 228 804 285 semper
813 227 919 268 novum,

212 308 259 362 per
275 290 396 362 plenum,
411 308 444 346 ex
458 290 558 346 invidis
573 300 599 347 et
608 290 768 355 laventibus,
781 297 810 343 ut
820 304 869 343 nec
880 305 919 342 ma

212 366 280 421 bene
304 365 372 421 dicta
392 365 632 422 dissimularentur.
675 364 755 419 Scitis
773 363 861 428 enim,
882 380 919 418 ma

212 441 285 496 illam
305 449 330 496 et
349 441 503 497 duraturam
517 440 682 513 eloquentiae
696 439 794 494 lamam
809 456 863 494 non
878 440 917 493 mi

213 517 326 571 diversis
336 515 472 571 subselliis
482 517 579 588 parari,
590 534 672 589 quam
683 517 754 571 suis:
775 514 838 568 inde
847 516 915 586 quin

213 592 376 647 coustantius
390 608 509 665 surgere,
530 591 568 646 ibi
584 591 690 646 fidelius
705 591 882 646 conroborari.

212 667 324 723 Hercule
342 667 393 723 sub
412 665 544 722 eiusmodi
554 665 766 738 praeceptoribus
781 666 887 720 iuvenis
900 662 920 719 il

212 760 266 814 quo
277 742 421 814 loquimur,
432 752 564 800 oratorum
573 740 732 813 discipulus,
744 739 791 796 lori
803 740 917 806 auditor,

213 827 252 872 tor
268 818 438 883 iudiciorum,
460 819 579 873 eruditus
590 828 615 872 et
624 816 790 872 adsuefactus
800 816 919 870 alienise

212 894 319 959 mentis,
335 895 379 947 cui
393 893 511 965 quotidie
525 894 642 948 audienti
652 902 727 948 notae
736 890 817 965 leges,
829 909 882 946 non
894 909 919 947 m

211 967 302 1023 dicum
322 967 422 1032 vultus,
444 967 569 1038 frequens
585 969 612 1022 in
627 967 712 1023 oculis
726 967 919 1023 eonsuetudoc

212 1060 288 1106 num,
309 1059 387 1113 saepe
401 1043 519 1115 cognitae
532 1043 624 1114 populi
635 1061 722 1108 aures,
742 1043 800 1098 sive
810 1042 919 1097 adcusat

211 1126 371 1189 susceperat,
383 1118 441 1173 sive
450 1117 641 1183 defensionem,
651 1118 723 1174 solus
734 1118 821 1172 statim
833 1126 919 1174 etum

211 1204 576 1265 cumquecaussaeparerat.
609 1193 787 1248 Nonodecimo
797 1195 887 1248 aetatis
897 1212 919 1248 ar

212 1268 325 1325 Crassus
335 1268 365 1325 C.
377 1268 534 1334 Carbonem,
546 1271 771 1324 unoetvicesimo
783 1269 879 1324 Caesar
889 1269 919 1325 Dr

212 1345 276 1409 lem,
288 1344 368 1399 altero
378 1353 403 1399 et
412 1346 539 1400 uicesimo
548 1343 659 1399 Asinius
671 1344 751 1399 Pollio
762 1343 792 1399 C.
807 1343 919 1399 Catonen

211 1419 296 1475 multo
310 1428 391 1475 aetate
405 1421 560 1475 antecedens
575 1419 672 1475 Calvus
687 1420 823 1474 Vatinium
838 1422 872 1475 iis
884 1438 919 1475 err

210 1494 263 1550 bus
281 1495 418 1568 insequuti
437 1503 509 1561 suut,
530 1513 598 1568 quas
612 1495 744 1568 hodieque
758 1512 821 1550 eum
836 1495 919 1550 admir

211 1569 336 1644 legimus.

266 1648 308 1700 35.
338 1644 372 1700 ult
390 1663 463 1701 nuno
481 1643 668 1702 adolescentuli
688 1646 770 1700 nostri
792 1645 918 1701 deducun

210 1737 303 1775 scenas
323 1719 549 1786 scholasticorum,
571 1721 619 1793 qui
637 1724 752 1776 rhetores
772 1731 914 1778 vocantur:

211 1793 301 1867 paullo
317 1804 376 1850 ante
391 1795 525 1853 Ciceronis
535 1807 651 1867 tempora
662 1797 804 1860 exstitisse,
817 1815 866 1850 nec
876 1796 919 1868 pla

211 1869 357 1925 maioribus
368 1873 473 1937 nostris,
484 1889 518 1927 ex
528 1889 558 1927 eo
568 1871 737 1927 manifestum
748 1881 796 1934 est,
808 1872 882 1943 quod
892 1873 919 1927 L,

211 1963 241 2001 so
251 1955 277 2001 et
286 1946 398 2002 Domitio
408 1947 572 2013 censoribus,
588 1945 704 2012 cludere,
722 1956 750 2001 ut
760 1948 795 2001 ait
804 1946 907 2012 Cicero,

211 2026 376 2090 inpudentior
395 2022 462 2077 iussi
482 2031 554 2077 sunt.
594 2021 655 2086 Sed,
675 2031 705 2077 ut
723 2023 810 2077 dicere
828 2023 919 2077 instita

211 2097 379 2152 deducuntur
389 2099 416 2151 in
427 2097 539 2162 scholas,
561 2100 588 2152 in
602 2097 712 2170 quibus,
733 2116 784 2153 nou
795 2096 871 2151 laeile
882 2099 919 2153 dir

212 2181 337 2227 utrumne
352 2171 424 2227 locus
435 2174 502 2244 ipse,
518 2191 552 2228 an
562 2171 747 2244 condiscipuli,
764 2191 797 2226 an
807 2191 894 2245 genus
907 2193 919 2228 s

212 2266 272 2303 rum
291 2247 353 2320 plus
373 2247 436 2302 mali
456 2249 571 2322 ingeniis
586 2247 711 2303 adierant.
752 2249 819 2302 Nam
834 2250 862 2302 in
875 2248 919 2303 loe

211 2325 382 2389 reverentiae,
403 2324 449 2378 sed
464 2325 492 2379 in
506 2340 685 2396 quemnemo,
707 2324 759 2377 nisi
770 2341 855 2394 aeque
865 2327 919 2396 inp

211 2397 304 2453 intrat:
326 2399 354 2452 in
368 2398 558 2471 condiscipulis
571 2398 639 2454 uilril
651 2398 791 2469 proiectus,
804 2416 867 2452 cum
878 2417 919 2470 pu

203 2481 247 2529 ter·
255 2491 367 2549 pueros,
389 2483 417 2532 et
431 2473 620 2533 adolescentuli
632 2475 700 2528 inter
709 2473 919 2530 adolescentulos

189 2555 344 2613 securitate
354 2563 381 2613 et
391 2554 487 2615 dicant
496 2564 523 2614 et
532 2553 690 2614 audiantur.
715 2551 919 2621 lqsaeneroexe

177 2642 252 2689 ⁰⁰⁰³
260 2649 371 2714 mgna
385 2655 425 2697 θΧ
433 2631 695 2716 parteeonuuiae.
726 2621 919 2694 dempserim
